@book{Diestel05,
    author = {Reinhard Diestel},
    title = {Graph Theory},
    year = {2005},
    publisher = {Springer},
    series  = {Graduate Texts in Mathematics},
    edition = {Third} 
}

@article{P04,
	author    = {Wojciech Plandowski},
	title     = {Satisfiability of word equations with constants is in {PSPACE}},
	journal   = {J. {ACM}},
	volume    = {51},
	number    = {3},
	pages     = {483--496},
	year      = {2004},
	url       = {http://doi.acm.org/10.1145/990308.990312},
	doi       = {10.1145/990308.990312},
	timestamp = {Thu, 09 Feb 2006 13:34:10 +0100},
	biburl    = {http://dblp.uni-trier.de/rec/bib/journals/jacm/Plandowski04},
	bibsource = {dblp computer science bibliography, http://dblp.org}
}


@article{J17,
	author    = {Artur Jez},
	title     = {Word equations in linear space},
	journal   = {CoRR},
	volume    = {abs/1702.00736},
	year      = {2017},
	url       = {http://arxiv.org/abs/1702.00736},
	timestamp = {Wed, 07 Jun 2017 14:40:11 +0200},
	biburl    = {http://dblp.uni-trier.de/rec/bib/journals/corr/Jez17},
	bibsource = {dblp computer science bibliography, http://dblp.org}
}



@article{J16,
	author    = {Artur Jez},
	title     = {Recompression: {A} Simple and Powerful Technique for Word Equations},
	journal   = {J. {ACM}},
	volume    = {63},
	number    = {1},
	pages     = {4:1--4:51},
	year      = {2016},
	url       = {http://doi.acm.org/10.1145/2743014},
	doi       = {10.1145/2743014},
	timestamp = {Fri, 09 Dec 2016 13:15:44 +0100},
	biburl    = {http://dblp.uni-trier.de/rec/bib/journals/jacm/Jez16},
	bibsource = {dblp computer science bibliography, http://dblp.org}
}

@article{L16,
	author    = {Quang Loc Le},
	title     = {A Decision Procedure for String Logic with Equations, Regular Membership
	and Length Constraints},
	journal   = {CoRR},
	volume    = {abs/1610.01331},
	year      = {2016},
	url       = {http://arxiv.org/abs/1610.01331},
	timestamp = {Wed, 07 Jun 2017 14:40:23 +0200},
	biburl    = {http://dblp.uni-trier.de/rec/bib/journals/corr/Le16b},
	bibsource = {dblp computer science bibliography, http://dblp.org}
}


@proceedings{DBLP:conf/cav/2016-1,
	editor    = {Swarat Chaudhuri and
	Azadeh Farzan},
	title     = {Computer Aided Verification - 28th International Conference, {CAV}
	2016, Toronto, ON, Canada, July 17-23, 2016, Proceedings, Part {I}},
	series    = {Lecture Notes in Computer Science},
	volume    = {9779},
	publisher = {Springer},
	year      = {2016},
	url       = {https://doi.org/10.1007/978-3-319-41528-4},
	doi       = {10.1007/978-3-319-41528-4},
	isbn      = {978-3-319-41527-7},
	timestamp = {Thu, 25 May 2017 00:39:07 +0200},
	biburl    = {http://dblp.uni-trier.de/rec/bib/conf/cav/2016-1},
	bibsource = {dblp computer science bibliography, http://dblp.org}
}

@inproceedings{LB16,
 author = {Lin, Anthony W. and Barcel\'{o}, Pablo},
 title = {String Solving with Word Equations and Transducers: Towards a Logic for Analysing Mutation {XSS}},
 booktitle = {Proceedings of the 43rd Annual ACM SIGPLAN-SIGACT Symposium on Principles of Programming Languages},
 series = {POPL '16},
 year = {2016},
 pages = {123--136},
 publisher = {Springer},
} 

@inproceedings{TCJ16,
  author    = {Minh{-}Thai Trinh and
               Duc{-}Hiep Chu and
               Joxan Jaffar},
  title     = {Progressive Reasoning over Recursively-Defined Strings},
  booktitle = {Computer Aided Verification - 28th International Conference, {CAV}
               2016, Toronto, ON, Canada, July 17-23, 2016, Proceedings, Part {I}},
  pages     = {218--240},
  year      = {2016},
  publisher = {Springer},
}

@article{YABI14,
 author = {Yu, Fang and Alkhalaf, Muath and Bultan, Tevfik and Ibarra, Oscar H.},
 title = {Automata-based Symbolic String Analysis for Vulnerability Detection},
 journal = {Form. Methods Syst. Des.},
 issue_date = {February  2014},
 volume = {44},
 number = {1},
 year = {2014},
 pages = {44--70},
 } 
 
 @book{HU79,
  author    = {John E. Hopcroft and
               Jeffrey D. Ullman},
  title     = {Introduction to Automata Theory, Languages and Computation},
  publisher = {Addison-Wesley},
  year      = {1979},
}

@article{Makanin,
  title={The problem of solvability of equations in a free semigroup},
  author={Makanin, Gennady S},
  journal={Sbornik: Mathematics},
  volume={32},
  number={2},
  pages={129--198},
  year={1977},
  publisher={Turpion Ltd}
}

@inproceedings{Gut98,
  author    = {Claudio Guti{\'e}rrez},
  title     = {Solving Equations in Strings: On Makanin's Algorithm},
  booktitle = {LATIN},
  year      = {1998},
  pages     = {358-373},
  bibsource = {DBLP, http://dblp.uni-trier.de}
}

@Incollection{diekert,
   title = "Makanin's {A}lgorithm",
   year = "2002",
   volume = "90",
   pages = "387--442",
   file_url = "[PS] http://www2.informatik.uni-stuttgart.de/fmi/ti/veroeffentlichungen/psfiles/Diekert98makanin.ps",
   web_url2 = "[\copyright Cambridge University Press] http://www.cambridge.org/gb/knowledge/isbn/item5759568/",
   editor = "M. Lothaire",
   publisher = "Cambridge University Press",
   series = "Encyclopedia of Mathematics and its Applications",
   chapter = "12",
   booktitle = "Algebraic Combinatorics on Words",
   author = "Diekert, Volker"
}

@article{Plandowski,
  author    = {Wojciech Plandowski},
  title     = {Satisfiability of word equations with constants is in {PSPACE}},
  journal   = {J. ACM},
  volume    = {51},
  number    = {3},
  year      = {2004},
  pages     = {483-496},
  bibsource = {DBLP, http://dblp.uni-trier.de}
}


@article{king76,
  author    = {James C. King},
  title     = {Symbolic Execution and Program Testing},
  journal   = {Commun. {ACM}},
  volume    = {19},
  number    = {7},
  pages     = {385--394},
  year      = {1976},
  doi       = {10.1145/360248.360252},
  timestamp = {Tue, 07 Jun 2011 16:51:04 +0200},
  biburl    = {http://dblp.uni-trier.de/rec/bib/journals/cacm/King76},
  bibsource = {dblp computer science bibliography, http://dblp.org}
}

@inproceedings{EXE,
 author = {Cadar, Cristian and Ganesh, Vijay and Pawlowski, Peter M. and Dill, David L. and Engler, Dawson R.},
 title = {EXE: Automatically Generating Inputs of Death},
 booktitle = {Proceedings of the 13th ACM Conference on Computer and Communications Security},
 series = {CCS '06},
 year = {2006},
 isbn = {1-59593-518-5},
 location = {Alexandria, Virginia, USA},
 pages = {322--335},
 numpages = {14},
 url = {http://doi.acm.org/10.1145/1180405.1180445},
 doi = {10.1145/1180405.1180445},
 acmid = {1180445},
 publisher = {ACM},
 address = {New York, NY, USA},
 keywords = {attack generation, bug finding, constraint solving, dynamic analysis, symbolic execution, test case generation},
}

@article{DART,
 author = {Godefroid, Patrice and Klarlund, Nils and Sen, Koushik},
 title = {DART: Directed Automated Random Testing},
 journal = {SIGPLAN Not.},
 issue_date = {June 2005},
 volume = {40},
 number = {6},
 month = jun,
 year = {2005},
 issn = {0362-1340},
 pages = {213--223},
 numpages = {11},
 url = {http://doi.acm.org/10.1145/1064978.1065036},
 doi = {10.1145/1064978.1065036},
 acmid = {1065036},
 publisher = {ACM},
 address = {New York, NY, USA},
 keywords = {automated test generation, interfaces, program verification, random testing, software testing},
}


@inproceedings{S3,
  author    = {Minh{-}Thai Trinh and
               Duc{-}Hiep Chu and
               Joxan Jaffar},
  title     = {{S3:} {A} Symbolic String Solver for Vulnerability Detection in Web
               Applications},
  booktitle = {CCS},
  pages     = {1232--1243},
  year      = {2014},
}

@inproceedings{Abdulla17,
  author    = {Parosh Aziz Abdulla and
               Mohamed Faouzi Atig and
               Yu{-}Fang Chen and
               Bui Phi Diep and
               Luk{\'{a}}s Hol{\'{\i}}k and
               Ahmed Rezine and
               Philipp R{\"{u}}mmer},
  title     = {Flatten and conquer: a framework for efficient analysis of string
               constraints},
  booktitle = {Proceedings of the 38th {ACM} {SIGPLAN} Conference on Programming
               Language Design and Implementation, {PLDI} 2017, Barcelona, Spain,
               June 18-23, 2017},
  pages     = {602--617},
  year      = {2017},
  url       = {http://doi.acm.org/10.1145/3062341.3062384},
  doi       = {10.1145/3062341.3062384},
  timestamp = {Mon, 19 Jun 2017 08:37:26 +0200},
  biburl    = {http://dblp.uni-trier.de/rec/bib/conf/pldi/AbdullaACDHRR17},
  bibsource = {dblp computer science bibliography, http://dblp.org}
}


@inproceedings{DV13,
  author    = {Loris D'Antoni and
               Margus Veanes},
  title     = {Static Analysis of String Encoders and Decoders},
  booktitle = {VMCAI},
  pages     = {209--228},
  year      = {2013}
}

@inproceedings{symbolic-transducer,
  author    = {Margus Veanes and
               Pieter Hooimeijer and
               Benjamin Livshits and
               David Molnar and
               Nikolaj Bj{\o}rner},
  title     = {Symbolic finite state transducers: algorithms and applications},
  booktitle = {POPL},
  year      = {2012},
  pages     = {137-150},
}

@inproceedings{BEK,
  author    = {Pieter Hooimeijer and
               Benjamin Livshits and
               David Molnar and
               Prateek Saxena and
               Margus Veanes},
  title     = {Fast and Precise Sanitizer Analysis with {BEK}},
  booktitle = {{USENIX} Security Symposium},
  year      = {2011},
}

@inproceedings{Schulz,
  author    = {Klaus U. Schulz},
  title     = {Makanin's Algorithm for Word Equations - Two Improvements and a Generalization},
  booktitle = {Word Equations and Related Topics, First International Workshop, {IWWERT}
               '90, T{\"{u}}bingen, Germany, October 1-3, 1990, Proceedings},
  pages     = {85--150},
  year      = {1990},
  url       = {http://dx.doi.org/10.1007/3-540-55124-7_4},
  doi       = {10.1007/3-540-55124-7_4},
  timestamp = {Tue, 14 Jun 2011 20:34:26 +0200},
  biburl    = {http://dblp.uni-trier.de/rec/bib/conf/iwwert/Schulz90},
  bibsource = {dblp computer science bibliography, http://dblp.org}
}

@inproceedings{Vijay-length,
  author    = {Vijay Ganesh and
               Mia Minnes and
               Armando Solar{-}Lezama and
               Martin C. Rinard},
  title     = {Word Equations with Length Constraints: What's Decidable?},
  booktitle = {Hardware and Software: Verification and Testing - 8th International
               Haifa Verification Conference, {HVC} 2012, Haifa, Israel, November
               6-8, 2012. Revised Selected Papers},
  pages     = {209--226},
  year      = {2012},
  url       = {http://dx.doi.org/10.1007/978-3-642-39611-3_21},
  doi       = {10.1007/978-3-642-39611-3_21},
  timestamp = {Tue, 09 Jul 2013 14:14:21 +0200},
  biburl    = {http://dblp.uni-trier.de/rec/bib/conf/hvc/GaneshMSR12},
  bibsource = {dblp computer science bibliography, http://dblp.org}
}

@incollection{buchi,
  title={Definability in the existential theory of concatenation and undecidable extensions of this theory},
  author={B{\"u}chi, J Richard and Senger, Steven},
  booktitle={The Collected Works of J. Richard B{\"u}chi},
  pages={671--683},
  year={1990},
  publisher={Springer}
}

@article{Kern14,
  author    = {Christoph Kern},
  title     = {Securing the tangled web},
  journal   = {Commun. {ACM}},
  volume    = {57},
  number    = {9},
  pages     = {38--47},
  year      = {2014},
  url       = {http://doi.acm.org/10.1145/2643134},
  doi       = {10.1145/2643134},
  timestamp = {Thu, 04 Sep 2014 13:13:03 +0200},
  biburl    = {http://dblp.uni-trier.de/rec/bib/journals/cacm/Kern14},
  bibsource = {dblp computer science bibliography, http://dblp.org}
}

@misc{OWASP-XSS,
    author = {Jeff Williams and Jim Manico and Neil Mattatall},
    title = {XSS Prevention Cheat Sheet},
    note = {Referred July 2017},
    year = {2017},
    howpublished = {\url{https://www.owasp.org/index.php/XSS_(Cross_Site_Scripting)_Prevention_Cheat_Sheet}},
}

@book{Mat93,
 author = {Matiyasevich, Yuri V.},
 title = {Hilbert's Tenth Problem},
 year = {1993},
 publisher = {MIT Press},
 address = {Cambridge, MA, USA},
} 

@article{ID04,
  author    = {Oscar H. Ibarra and
               Zhe Dang},
  title     = {On two-way {FA} with monotonic counters and quadratic Diophantine
               equations},
  journal   = {Theor. Comput. Sci.},
  volume    = {312},
  number    = {2-3},
  pages     = {359--378},
  year      = {2004},
}

@inproceedings{RVG12,
  author    = {Gideon Redelinghuys and
               Willem Visser and
               Jaco Geldenhuys},
  title     = {Symbolic execution of programs with strings},
  booktitle = {SAICSIT}, 
  year      = {2012},
  pages     = {139--148}
}

@inproceedings{DHK16,
  author    = {Przemyslaw Daca and
               Thomas A. Henzinger and
               Andrey Kupriyanov},
  title     = {Array Folds Logic},
  booktitle = {Computer Aided Verification - 28th International Conference, {CAV}
               2016, Toronto, ON, Canada, July 17-23, 2016, Proceedings, Part {II}},
  pages     = {230--248},
  year      = {2016},
}

@inproceedings{AC10,
  author    = {Rajeev Alur and
               Pavol Cern{\'{y}}},
  title     = {Expressiveness of streaming string transducers},
  booktitle = {{IARCS} Annual Conference on Foundations of Software Technology and
               Theoretical Computer Science, {FSTTCS} 2010, December 15-18, 2010,
               Chennai, India},
  pages     = {1--12},
  year      = {2010},
}

@inproceedings{Z3-str,
  title={{Z3-str: a Z3-based string solver for web application analysis}},
  author={Zheng, Yunhui and Zhang, Xiangyu and Ganesh, Vijay},
  booktitle={{ESEC/SIGSOFT FSE}},
  pages={114--124},
  year={2013},
}

@inproceedings{cvc4,
  author    = {Tianyi Liang and
               Andrew Reynolds and
               Cesare Tinelli and
               Clark Barrett and
               Morgan Deters},
  title     = {A {DPLL(T)} Theory Solver for a Theory of Strings and Regular Expressions},
  booktitle = {{CAV}},
  year      = {2014},
  pages     = {646--662},
  timestamp = {Thu, 16 Oct 2014 09:36:43 +0200},
  biburl    = {http://dblp.uni-trier.de/rec/bib/conf/cav/LiangRTBD14},
  bibsource = {dblp computer science bibliography, http://dblp.org}
}

@article{HAMPI,
   author              = {Adam Kiezun and others},
   title               = {{HAMPI}: A solver for word equations over strings, regular expressions, and context-free grammars.},
   journal             = {ACM Trans. Softw. Eng. Methodol.},
   volume = {21},
   number = {4},
   year                = {2012},
   pages               = {25},
}


@inproceedings{Stranger,
  author    = {Fang Yu and
               Muath Alkhalaf and
               Tevfik Bultan},
  title     = {Stranger: An Automata-Based String Analysis Tool for {PHP}},
  booktitle = {TACAS},
  year      = {2010},
  pages     = {154-157},
  bibsource = {DBLP, http://dblp.uni-trier.de},
  note = {Benchmark can be found at \url{http://www.cs.ucsb.edu/~vlab/stranger/}}
}

@inproceedings{Abdulla14,
  author    = {Parosh Aziz Abdulla and
               Mohamed Faouzi Atig and
               Yu{-}Fang Chen and
               Luk{\'{a}}s Hol{\'{\i}}k and
               Ahmed Rezine and
               Philipp R{\"{u}}mmer and
               Jari Stenman},
  title     = {String Constraints for Verification},
  booktitle = {{CAV}},
  year      = {2014},
  pages     = {150--166},
}

@book{McMillan,
  author    = {K. L. McMillan},
  title     = {Symbolic model checking},
  publisher = {Kluwer},
  year      = {1993}
}

@book{BK08,
 author = {Baier, Christel and Katoen, Joost-Pieter},
 title = {Principles of Model Checking (Representation and Mind Series)},
 year = {2008},
 publisher = {The MIT Press},
}

@misc{Mustache,
    author = {Chris Wanstrath},
    title = {Mustache: Logic-less Templates},
    howpublished = {\url{https://mustache.github.io/}},
    note = {Referred July 2017.},
    year = {2009}
}

@misc{MustacheJS,
    author = {Jan Lehnardt and contributors},
    title = {mustache.js},
    howpublished = {\url{https://github.com/janl/mustache.js/}},
    note = {Referred July 2017.},
    year = {2015}
}

@misc{MustacheSingleQuote,
    title = {Add single quote to list of characters escaped},
    author = {pinterface},
    year = {2013},
    howpublished = {\url{https://github.com/mustache/spec/issues/69}},
    note = {Referred July 2017.}
}

@inproceedings{BCFJKKV08,
  author    = {Davide Balzarotti and
               Marco Cova and
               Viktoria Felmetsger and
               Nenad Jovanovic and
               Engin Kirda and
               Christopher Kruegel and
               Giovanni Vigna},
  title     = {Saner: Composing Static and Dynamic Analysis to Validate Sanitization
               in Web Applications},
  booktitle = {2008 {IEEE} Symposium on Security and Privacy (S{\&}P 2008), 18-21
               May 2008, Oakland, California, {USA}},
  pages     = {387--401},
  year      = {2008},
  url       = {https://doi.org/10.1109/SP.2008.22},
  doi       = {10.1109/SP.2008.22},
  timestamp = {Fri, 26 May 2017 00:50:06 +0200},
  biburl    = {http://dblp.uni-trier.de/rec/bib/conf/sp/BalzarottiCFJKKV08},
  bibsource = {dblp computer science bibliography, http://dblp.org}
}

@inproceedings{Berkeley-JavaScript,
  author    = {Prateek Saxena and
               Devdatta Akhawe and
               Steve Hanna and
               Feng Mao and
               Stephen McCamant and
               Dawn Song},
  title     = {A Symbolic Execution Framework for JavaScript},
  booktitle = {31st {IEEE} Symposium on Security and Privacy, S{\&}P 2010, 16-19
               May 2010, Berleley/Oakland, California, {USA}},
  pages     = {513--528},
  year      = {2010},
  url       = {https://doi.org/10.1109/SP.2010.38},
  doi       = {10.1109/SP.2010.38},
  timestamp = {Fri, 26 May 2017 00:50:06 +0200},
  biburl    = {http://dblp.uni-trier.de/rec/bib/conf/sp/SaxenaAHMMS10},
  bibsource = {dblp computer science bibliography, http://dblp.org}
}

@misc{Closure,
    title = {Closure Templates},
    author = {Google},
    howpublished = {\url{https://developers.google.com/closure/templates/}},
    note = {Referred July 2017.},
    year = {2015}
}

@inproceedings{SSS11,
 author = {Samuel, Mike and Saxena, Prateek and Song, Dawn},
 title = {Context-sensitive Auto-sanitization in Web Templating Languages Using Type Qualifiers},
 booktitle = {Proceedings of the 18th ACM Conference on Computer and Communications Security},
 series = {CCS '11},
 year = {2011},
 isbn = {978-1-4503-0948-6},
 location = {Chicago, Illinois, USA},
 pages = {587--600},
 numpages = {14},
 url = {http://doi.acm.org/10.1145/2046707.2046775},
 doi = {10.1145/2046707.2046775},
 acmid = {2046775},
 publisher = {ACM},
 address = {New York, NY, USA},
 keywords = {cross-site scripting, type systems, web frameworks},
}

@inproceedings{fang-yu-circuits,
  author    = {Hung{-}En Wang and
               Tzung{-}Lin Tsai and
               Chun{-}Han Lin and
               Fang Yu and
               Jie{-}Hong R. Jiang},
  title     = {String Analysis via Automata Manipulation with Logic Circuit Representation},
  booktitle = {Computer Aided Verification - 28th International Conference, {CAV}
               2016, Toronto, ON, Canada, July 17-23, 2016, Proceedings, Part {I}},
  pages     = {241--260},
  series    = {Lecture Notes in Computer Science},
  volume    = {9779},
  publisher = {Springer},
  year      = {2016},
  url       = {http://dx.doi.org/10.1007/978-3-319-41528-4},
  doi       = {10.1007/978-3-319-41528-4},
  isbn      = {978-3-319-41527-7},
  timestamp = {Wed, 13 Jul 2016 09:31:03 +0200},
  biburl    = {http://dblp.uni-trier.de/rec/bib/conf/cav/2016-1},
  bibsource = {dblp computer science bibliography, http://dblp.org}
}

@inproceedings{jalangi,
  author    = {Koushik Sen and
               Swaroop Kalasapur and
               Tasneem G. Brutch and
               Simon Gibbs},
  title     = {Jalangi: a selective record-replay and dynamic analysis framework
               for JavaScript},
  booktitle = {Joint Meeting of the European Software Engineering Conference and
               the {ACM} {SIGSOFT} Symposium on the Foundations of Software Engineering,
               ESEC/FSE'13, Saint Petersburg, Russian Federation, August 18-26, 2013},
  pages     = {488--498},
  year      = {2013},
  url       = {http://doi.acm.org/10.1145/2491411.2491447},
  doi       = {10.1145/2491411.2491447},
  timestamp = {Sat, 31 Aug 2013 17:43:06 +0200},
  biburl    = {http://dblp.uni-trier.de/rec/bib/conf/sigsoft/SenKBG13},
  bibsource = {dblp computer science bibliography, http://dblp.org}
}

@inproceedings{BTV09,
  title={Path feasibility analysis for string-manipulating programs},
  author={Bj{\o}rner, Nikolaj and Tillmann, Nikolai and Voronkov, Andrei},
  booktitle={TACAS},
  pages={307--321},
  year={2009},
}

