@article{GB16,
	author    = {Vijay Ganesh and
	Murphy Berzish},
	title     = {Undecidability of a Theory of Strings, Linear Arithmetic over Length,
	and String-Number Conversion},
	journal   = {CoRR},
	volume    = {abs/1605.09442},
	year      = {2016},
	url       = {http://arxiv.org/abs/1605.09442}
}

@article{BFL13,
	author    = {Pablo Barcel{\'{o}} and
	Diego Figueira and
	Leonid Libkin},
	title     = {Graph Logics with Rational Relations},
	journal   = {Logical Methods in Computer Science},
	volume    = {9},
	number    = {3},
	year      = {2013},
	url       = {https://doi.org/10.2168/LMCS-9(3:1)2013},
	doi       = {10.2168/LMCS-9(3:1)2013}
}


@inproceedings{ThomeSBB17,
	author    = {Julian Thom{\'{e}} and
	Lwin Khin Shar and
	Domenico Bianculli and
	Lionel C. Briand},
	title     = {Search-driven string constraint solving for vulnerability detection},
	booktitle = {
	{ICSE} 2017,},
	pages     = {198--208},
	year      = {2017},
}


@inproceedings{AbdullaACDHRR18-trau,
	author    = {Parosh Aziz Abdulla and
	Mohamed Faouzi Atig and
	Yu{-}Fang Chen and
	Bui Phi Diep and
	Luk{\'{a}}s Hol{\'{\i}}k and
	Ahmed Rezine and
	Philipp R{\"{u}}mmer},
	title     = {Trau: {SMT} solver for string constraints},
	booktitle = {{FMCAD} },
	pages     = {1--5},
	year      = {2018},
}

@inproceedings{Saner08,
	author    = {Davide Balzarotti and
	Marco Cova and
	Viktoria Felmetsger and
	Nenad Jovanovic and
	Engin Kirda and
	Christopher Kruegel and
	Giovanni Vigna},
	title     = {Saner: Composing Static and Dynamic Analysis to Validate Sanitization
	in Web Applications},
	booktitle = {S{\&}P 2008},
	pages     = {387--401},
	year      = {2008},
}

@article{HJLRV18,
	author    = {Luk{\'{a}}s Hol{\'{\i}}k and
	Petr Janku and
	Anthony W. Lin and
	Philipp R{\"{u}}mmer and
	Tom{\'{a}}s Vojnar},
	title     = {String constraints with concatenation and transducers solved efficiently},
	journal   = {{PACMPL}},
	volume    = {2},
	number    = {{POPL}},
	pages     = {4:1--4:32},
	year      = {2018},
	url       = {http://doi.acm.org/10.1145/3158092},
	doi       = {10.1145/3158092}
}

@inproceedings{Z3-str2,
	author    = {Yunhui Zheng and
	Vijay Ganesh and
	Sanu Subramanian and
	Omer Tripp and
	Julian Dolby and
	Xiangyu Zhang},
	title     = {Effective Search-Space Pruning for Solvers of String Equations, Regular
	Expressions and Length Constraints},
	booktitle = {{CAV}},
	pages     = {235--254},
	year      = {2015},
}

@inproceedings{ReynoldsWBBLT17,
	author    = {Andrew Reynolds and
	Maverick Woo and
	Clark W. Barrett and
	David Brumley and
	Tianyi Liang and
	Cesare Tinelli},
	title     = {Scaling Up {DPLL(T)} String Solvers Using Context-Dependent Simplification},
	booktitle = {{CAV}},
	pages     = {453--474},
	year      = {2017},
}

@book{Diestel05,
    author = {Reinhard Diestel},
    title = {Graph Theory},
    year = {2005},
    publisher = {Springer},
    series  = {Graduate Texts in Mathematics},
    edition = {Third} 
}

@article{P04,
	author    = {Wojciech Plandowski},
	title     = {Satisfiability of word equations with constants is in {PSPACE}},
	journal   = {J. {ACM}},
	volume    = {51},
	number    = {3},
	pages     = {483--496},
	year      = {2004},
}


@article{J17,
	author    = {Artur Jez},
	title     = {Word equations in linear space},
	journal   = {CoRR},
	volume    = {abs/1702.00736},
	year      = {2017},
}

@inproceedings{Jez17,
  author    = {Artur Jez},
  title     = {Word Equations in Nondeterministic Linear Space},
  booktitle = {{ICALP} },
  pages     = {95:1--95:13},
  year      = {2017},
}



@article{J16,
	author    = {Artur Jez},
	title     = {Recompression: {A} Simple and Powerful Technique for Word Equations},
	journal   = {J. {ACM}},
	volume    = {63},
	number    = {1},
	pages     = {4:1--4:51},
	year      = {2016},
}

@article{L16,
	author    = {Quang Loc Le},
	title     = {A Decision Procedure for String Logic with Equations, Regular Membership
	and Length Constraints},
	journal   = {CoRR},
	volume    = {abs/1610.01331},
	year      = {2016},
	url       = {http://arxiv.org/abs/1610.01331},
}

@inproceedings{LeH18,
  author    = {Quang Loc Le and
               Mengda He},
  title     = {A Decision Procedure for String Logic with Quadratic Equations, Regular
               Expressions and Length Constraints},
  booktitle = {{APLAS}},
  pages     = {350--372},
  year      = {2018},
}

@inproceedings{LB16,
 author = {Lin, Anthony W. and Barcel\'{o}, Pablo},
 title = {String Solving with Word Equations and Transducers: Towards a Logic for Analysing Mutation {XSS}},
 booktitle = {Proceedings of the 43rd Annual ACM SIGPLAN-SIGACT Symposium on Principles of Programming Languages},
 series = {POPL},
 year = {2016},
 pages = {123--136},
 publisher = {Springer},
} 

@inproceedings{TCJ16,
  author    = {Minh{-}Thai Trinh and
               Duc{-}Hiep Chu and
               Joxan Jaffar},
  title     = {Progressive Reasoning over Recursively-Defined Strings},
  booktitle = {{CAV}},
  pages     = {218--240},
  year      = {2016},
  publisher = {Springer},
}

@article{YABI14,
 author = {Yu, Fang and Alkhalaf, Muath and Bultan, Tevfik and Ibarra, Oscar H.},
 title = {Automata-based Symbolic String Analysis for Vulnerability Detection},
 journal = {Form. Methods Syst. Des.},
 issue_date = {February  2014},
 volume = {44},
 number = {1},
 year = {2014},
 pages = {44--70},
 } 
 
 @book{HU79,
  author    = {John E. Hopcroft and
               Jeffrey D. Ullman},
  title     = {Introduction to Automata Theory, Languages and Computation},
  publisher = {Addison-Wesley},
  year      = {1979},
}

@article{Makanin,
  title={The problem of solvability of equations in a free semigroup},
  author={Makanin, Gennady S},
  journal={Sbornik: Mathematics},
  volume={32},
  number={2},
  pages={129--198},
  year={1977},
  publisher={Turpion Ltd}
}

@inproceedings{Gut98,
  author    = {Claudio Guti{\'e}rrez},
  title     = {Solving Equations in Strings: On Makanin's Algorithm},
  booktitle = {LATIN},
  year      = {1998},
  pages     = {358-373},
}

@Incollection{diekert,
   title = "Makanin's {A}lgorithm",
   year = "2002",
   volume = "90",
   pages = "387--442",
   file_url = "[PS] http://www2.informatik.uni-stuttgart.de/fmi/ti/veroeffentlichungen/psfiles/Diekert98makanin.ps",
   web_url2 = "[\copyright Cambridge University Press] http://www.cambridge.org/gb/knowledge/isbn/item5759568/",
   editor = "M. Lothaire",
   publisher = "Cambridge University Press",
   series = "Encyclopedia of Mathematics and its Applications",
   chapter = "12",
   booktitle = "Algebraic Combinatorics on Words",
   author = "Diekert, Volker"
}

@article{Plandowski,
  author    = {Wojciech Plandowski},
  title     = {Satisfiability of word equations with constants is in {PSPACE}},
  journal   = {J. ACM},
  volume    = {51},
  number    = {3},
  year      = {2004},
  pages     = {483-496},
  bibsource = {DBLP, http://dblp.uni-trier.de}
}


@article{king76,
  author    = {James C. King},
  title     = {Symbolic Execution and Program Testing},
  journal   = {Commun. {ACM}},
  volume    = {19},
  number    = {7},
  pages     = {385--394},
  year      = {1976},
  doi       = {10.1145/360248.360252},
  timestamp = {Tue, 07 Jun 2011 16:51:04 +0200},
  biburl    = {http://dblp.uni-trier.de/rec/bib/journals/cacm/King76},
  bibsource = {dblp computer science bibliography, http://dblp.org}
}

@inproceedings{EXE,
 author = {Cadar, Cristian and , Vijay and Pawlowski, Peter M. and Dill, David L. and Engler, Dawson R.},
 title = {EXE: Automatically Generating Inputs of Death},
 booktitle = {CCS},
 year = {2006},
 pages = {322--335},
 numpages = {14},
 publisher = {ACM},
}

@article{DART,
 author = {Godefroid, Patrice and Klarlund, Nils and Sen, Koushik},
 title = {DART: Directed Automated Random Testing},
 journal = {SIGPLAN Not.},
 issue_date = {June 2005},
 volume = {40},
 number = {6},
 month = jun,
 year = {2005},
 pages = {213--223},
}


@inproceedings{S3,
  author    = {Minh{-}Thai Trinh and
               Duc{-}Hiep Chu and
               Joxan Jaffar},
  title     = {{S3:} {A} Symbolic String Solver for Vulnerability Detection in Web
               Applications},
  booktitle = {CCS},
  pages     = {1232--1243},
  year      = {2014},
}

@inproceedings{Abdulla17,
  author    = {Parosh Aziz Abdulla and
               Mohamed Faouzi Atig and
               Yu{-}Fang Chen and
               Bui Phi Diep and
               Luk{\'{a}}s Hol{\'{\i}}k and
               Ahmed Rezine and
               Philipp R{\"{u}}mmer},
  title     = {Flatten and conquer: a framework for efficient analysis of string
               constraints},
  booktitle = {{PLDI} },
  pages     = {602--617},
  year      = {2017},
}


@inproceedings{DV13,
  author    = {Loris D'Antoni and
               Margus Veanes},
  title     = {Static Analysis of String Encoders and Decoders},
  booktitle = {VMCAI},
  pages     = {209--228},
  year      = {2013}
}

@inproceedings{symbolic-transducer,
  author    = {Margus Veanes and
               Pieter Hooimeijer and
               Benjamin Livshits and
               David Molnar and
               Nikolaj Bj{\o}rner},
  title     = {Symbolic finite state transducers: algorithms and applications},
  booktitle = {POPL},
  year      = {2012},
  pages     = {137-150},
}

@inproceedings{BEK,
  author    = {Pieter Hooimeijer and
               Benjamin Livshits and
               David Molnar and
               Prateek Saxena and
               Margus Veanes},
  title     = {Fast and Precise Sanitizer Analysis with {BEK}},
  booktitle = {{USENIX} Security Symposium},
  year      = {2011},
}

@inproceedings{Schulz,
  author    = {Klaus U. Schulz},
  title     = {Makanin's Algorithm for Word Equations - Two Improvements and a Generalization},
  booktitle = {Word Equations and Related Topics, First International Workshop, {IWWERT} },
  pages     = {85--150},
  year      = {1990},
}

@inproceedings{Vijay-length,
  author    = {Vijay Ganesh and
               Mia Minnes and
               Armando Solar{-}Lezama and
               Martin C. Rinard},
  title     = {Word Equations with Length Constraints: What's Decidable?},
  booktitle = {{HVC} 2012},
  pages     = {209--226},
  year      = {2012},
}

@incollection{buchi,
  title={Definability in the existential theory of concatenation and undecidable extensions of this theory},
  author={B{\"u}chi, J Richard and Senger, Steven},
  booktitle={The Collected Works of J. Richard B{\"u}chi},
  pages={671--683},
  year={1990},
  publisher={Springer}
}

@article{Kern14,
  author    = {Christoph Kern},
  title     = {Securing the tangled web},
  journal   = {Commun. {ACM}},
  volume    = {57},
  number    = {9},
  pages     = {38--47},
  year      = {2014},
}

@misc{OWASP-XSS,
    author = {Jeff Williams and Jim Manico and Neil Mattatall},
    title = {XSS Prevention Cheat Sheet},
    note = {Referred July 2017},
    year = {2017},
    howpublished = {\url{https://www.owasp.org/index.php/XSS_(Cross_Site_Scripting)_Prevention_Cheat_Sheet}},
}

@book{Mat93,
 author = {Matiyasevich, Yuri V.},
 title = {Hilbert's Tenth Problem},
 year = {1993},
 publisher = {MIT Press},
 address = {Cambridge, MA, USA},
} 

@article{ID04,
  author    = {Oscar H. Ibarra and
               Zhe Dang},
  title     = {On two-way {FA} with monotonic counters and quadratic Diophantine
               equations},
  journal   = {Theor. Comput. Sci.},
  volume    = {312},
  number    = {2-3},
  pages     = {359--378},
  year      = {2004},
}

@inproceedings{RVG12,
  author    = {Gideon Redelinghuys and
               Willem Visser and
               Jaco Geldenhuys},
  title     = {Symbolic execution of programs with strings},
  booktitle = {SAICSIT}, 
  year      = {2012},
  pages     = {139--148}
}

@inproceedings{DHK16,
  author    = {Przemyslaw Daca and
               Thomas A. Henzinger and
               Andrey Kupriyanov},
  title     = {Array Folds Logic},
  booktitle = {{CAV}},
  pages     = {230--248},
  year      = {2016},
}

@inproceedings{AC10,
  author    = {Rajeev Alur and
               Pavol Cern{\'{y}}},
  title     = {Expressiveness of streaming string transducers},
  booktitle = {{FSTTCS}},
  pages     = {1--12},
  year      = {2010},
}

@inproceedings{Z3-str,
  title={{Z3-str: a Z3-based string solver for web application analysis}},
  author={Zheng, Yunhui and Zhang, Xiangyu and Ganesh, Vijay},
  booktitle={{ESEC/SIGSOFT FSE}},
  pages={114--124},
  year={2013},
}

@inproceedings{Z3-str3,
  author    = {Murphy Berzish and
               Vijay Ganesh and
               Yunhui Zheng},
  title     = {Z3str3: {A} string solver with theory-aware heuristics},
  booktitle = {{FMCAD}},
  pages     = {55--59},
  year      = {2017},
}

@inproceedings{cvc4,
  author    = {Tianyi Liang and
               Andrew Reynolds and
               Cesare Tinelli and
               Clark Barrett and
               Morgan Deters},
  title     = {A {DPLL(T)} Theory Solver for a Theory of Strings and Regular Expressions},
  booktitle = {{CAV}},
  year      = {2014},
  pages     = {646--662},
}

@article{HAMPI,
   author              = {Adam Kiezun and others},
   title               = {{HAMPI}: A solver for word equations over strings, regular expressions, and context-free grammars.},
   journal             = {ACM Trans. Softw. Eng. Methodol.},
   volume = {21},
   number = {4},
   year                = {2012},
   pages               = {25},
}


@inproceedings{Stranger,
  author    = {Fang Yu and
               Muath Alkhalaf and
               Tevfik Bultan},
  title     = {Stranger: An Automata-Based String Analysis Tool for {PHP}},
  booktitle = {TACAS},
  year      = {2010},
  pages     = {154-157},
  bibsource = {DBLP, http://dblp.uni-trier.de},
  note = {Benchmark can be found at \url{http://www.cs.ucsb.edu/~vlab/stranger/}}
}

@inproceedings{Abdulla14,
  author    = {Parosh Aziz Abdulla and
               Mohamed Faouzi Atig and
               Yu{-}Fang Chen and
               Luk{\'{a}}s Hol{\'{\i}}k and
               Ahmed Rezine and
               Philipp R{\"{u}}mmer and
               Jari Stenman},
  title     = {String Constraints for Verification},
  booktitle = {{CAV}},
  year      = {2014},
  pages     = {150--166},
}

@book{McMillan,
  author    = {K. L. McMillan},
  title     = {Symbolic model checking},
  publisher = {Kluwer},
  year      = {1993}
}

@book{BK08,
 author = {Baier, Christel and Katoen, Joost-Pieter},
 title = {Principles of Model Checking (Representation and Mind Series)},
 year = {2008},
 publisher = {The MIT Press},
}

@misc{Mustache,
    author = {Chris Wanstrath},
    title = {Mustache: Logic-less Templates},
    howpublished = {\url{https://mustache.github.io/}},
    note = {Referred July 2017.},
    year = {2009}
}

@misc{MustacheJS,
    author = {Jan Lehnardt and contributors},
    title = {mustache.js},
    howpublished = {\url{https://github.com/janl/mustache.js/}},
    note = {Referred July 2017.},
    year = {2015}
}

@misc{MustacheSingleQuote,
    title = {Add single quote to list of characters escaped},
    author = {pinterface},
    year = {2013},
    howpublished = {\url{https://github.com/mustache/spec/issues/69}},
    note = {Referred July 2017.}
}

@inproceedings{Berkeley-JavaScript,
  author    = {Prateek Saxena and
               Devdatta Akhawe and
               Steve Hanna and
               Feng Mao and
               Stephen McCamant and
               Dawn Song},
  title     = {A Symbolic Execution Framework for JavaScript},
  booktitle = { {S{\&}P}},
  pages     = {513--528},
  year      = {2010},
}

@misc{Closure,
    title = {Closure Templates},
    author = {Google},
    howpublished = {\url{https://developers.google.com/closure/templates/}},
    note = {Referred July 2017.},
    year = {2015}
}

@inproceedings{SSS11,
 author = {Samuel, Mike and Saxena, Prateek and Song, Dawn},
 title = {Context-sensitive Auto-sanitization in Web Templating Languages Using Type Qualifiers},
 booktitle = {{CCS}},
 year = {2011},
 pages = {587--600},
}

@inproceedings{fang-yu-circuits,
  author    = {Hung{-}En Wang and
               Tzung{-}Lin Tsai and
               Chun{-}Han Lin and
               Fang Yu and
               Jie{-}Hong R. Jiang},
  title     = {String Analysis via Automata Manipulation with Logic Circuit Representation},
  booktitle = {{CAV}},
  pages     = {241--260},
  year      = {2016},
}

@inproceedings{jalangi,
  author    = {Koushik Sen and
               Swaroop Kalasapur and
               Tasneem G. Brutch and
               Simon Gibbs},
  title     = {Jalangi: a selective record-replay and dynamic analysis framework
               for JavaScript},
  booktitle = {
               ESEC/FSE},
  pages     = {488--498},
  year      = {2013},
}

@inproceedings{BTV09,
  title={Path feasibility analysis for string-manipulating programs},
  author={Bj{\o}rner, Nikolaj and Tillmann, Nikolai and Voronkov, Andrei},
  booktitle={TACAS},
  pages={307--321},
  year={2009},
}

@inproceedings{RLJ+13,
 author = {Alur, Rajeev and D'Antoni, Loris and Deshmukh, Jyotirmoy and Raghothaman, Mukund and Yuan, Yifei},
 title = {Regular Functions and Cost Register Automata},
 booktitle = {{LICS}},
 year = {2013},
 pages = {13--22},
 publisher = {IEEE Computer Society},
} 

@article{CHL+19,
author = {Chen, Taolue and Hague, Matthew and Lin, Anthony W. and R\"{u}mmer, Philipp and Wu, Zhilin},
title = {Decision Procedures for Path Feasibility of String-Manipulating Programs with Complex Operations},
year = {2019},
publisher = {Association for Computing Machinery},
volume = {3},
number = {POPL},
doi = {10.1145/3290362},
journal = {Proc. ACM Program. Lang.},
month = jan,
articleno = {Article 49},
numpages = {30},
}

@article{CCH+18,
  author    = {Taolue Chen and
               Yan Chen and
               Matthew Hague and
               Anthony W. Lin and
               Zhilin Wu},
  title     = {What is decidable about string constraints with the ReplaceAll function},
  journal   = {{PACMPL}},
  volume    = {2},
  number    = {{POPL}},
  pages     = {3:1--3:29},
  year      = {2018},
 }
 
 
@inproceedings{WC+18,
author = {Wang, Hung-En and Chen, Shih-Yu and Yu, Fang and Jiang, Jie-Hong R.},
title = {A Symbolic Model Checking Approach to the Analysis of String and Length Constraints},
year = {2018},
publisher = {Association for Computing Machinery},
doi = {10.1145/3238147.3238189},
booktitle = {{ASE}},
pages = {623–633},
}

@inproceedings{AbdullaA+19,
  author    = {Parosh Aziz Abdulla and
               Mohamed Faouzi Atig and
               Bui Phi Diep and
               Luk{\'{a}}s Hol{\'{\i}}k and
               Petr Janku},
  title     = {Chain-Free String Constraints},
  booktitle = {{ATVA}},
  pages     = {277--293},
  year      = {2019},
}

@inproceedings{SSMH04,
  author    = {Helmut Seidl and
               Thomas Schwentick and
               Anca Muscholl and
               Peter Habermehl},
  title     = {Counting in Trees for Free},
  booktitle = {{ICALP}},
  pages     = {1136--1149},
  year      = {2004},
}

@article{GS78,
author = {Gathen, Joachim and Sieveking, Malte},
year = {1978},
month = {10},
pages = {155-155},
title = {A Bound on Solutions of Linear Integer Equalities and Inequalities},
volume = {72},
journal = {Proceedings of AMS},
doi = {10.2307/2042554}
}

@article{BT76,
 author = {I. Borosh and L. B. Treybig},
 journal = {Proceedings of the American Mathematical Society},
 number = {2},
 pages = {299--304},
 publisher = {American Mathematical Society},
 title = {Bounds on Positive Integral Solutions of Linear Diophantine Equations},
 volume = {55},
 year = {1976}
}


@article{Haase18,
author = {Haase, Christoph},
title = {A Survival Guide to Presburger Arithmetic},
year = {2018},
publisher = {Association for Computing Machinery},
volume = {5},
number = {3},
doi = {10.1145/3242953.3242964},
journal = {ACM SIGLOG News},
pages = {67–82},
}

@book{complexity-book,
  author = {Papadimitriou, Christos H.},
  isbn = {978-0-201-53082-7},
  pages = {I-XV, 1-523},
  publisher = {Addison-Wesley},
  title = {Computational complexity.},
  year = 1994
}

@article{DART,
 author = {Godefroid, Patrice and Klarlund, Nils and Sen, Koushik},
 title = {DART: Directed Automated Random Testing},
 journal = {SIGPLAN Not.},
 issue_date = {June 2005},
 volume = {40},
 number = {6},
 month = jun,
 year = {2005},
 issn = {0362-1340},
 pages = {213--223},
 numpages = {11},
 url = {http://doi.acm.org/10.1145/1064978.1065036},
 doi = {10.1145/1064978.1065036},
 acmid = {1065036},
 publisher = {ACM},
 address = {New York, NY, USA},
 keywords = {automated test generation, interfaces, program verification, random testing, software testing},
}

@inproceedings{EXE,
 author = {Cadar, Cristian and Ganesh, Vijay and Pawlowski, Peter M. and Dill, David L. and Engler, Dawson R.},
 title = {EXE: Automatically Generating Inputs of Death},
 booktitle = {{CCS}},
 year = {2006},
 pages = {322--335},
}

@inproceedings{KLEE,
 author = {Cadar, Cristian and Dunbar, Daniel and Engler, Dawson},
 title = {KLEE: Unassisted and Automatic Generation of High-coverage Tests for Complex Systems Programs},
 booktitle = {OSDI},
 year = {2008},
 pages = {209--224},
} 

@inproceedings{CUTE,
    author = "Sen, Koushik and Marinov, Darko and Agha, Gul",
    title = "CUTE: a concolic unit testing engine for C",
    booktitle = {{ESEC/SIGSOFT FSE}},
    pages = "263-272",
    year = "2005",
}

@misc{owasp17,
    author = {Andrew van der Stock and Brian Glas and Neil Smithline and Torsten
    Gigler},
    title = {{OWASP} {T}op 10 -- 2017},
    note = {Referred January 2018},
    year = {2017},
    howpublished = {\url{https://www.owasp.org/index.php/Top_10-2017_Top_10}}
}

@misc{url-reflect,
    title = {URL Reflection Attacks},
    howpublished = {\url{https://sites.google.com/site/xssvulnerabilities/types-of-javascript-injection/url-reflection-attacks}}
}



@article{symbex-survey,
 author = {Cadar, Cristian and Sen, Koushik},
 title = {Symbolic Execution for Software Testing: Three Decades Later},
 journal = {Commun. ACM},
 issue_date = {February 2013},
 volume = {56},
 number = {2},
 month = feb,
 year = {2013},
 issn = {0001-0782},
 pages = {82--90},
 numpages = {9},
 url = {http://doi.acm.org/10.1145/2408776.2408795},
 doi = {10.1145/2408776.2408795},
 acmid = {2408795},
 publisher = {ACM},
 address = {New York, NY, USA},
} 

@misc{Z3-trau,
    author = {Diep Bui and contributors},
    title = {Z3-Trau},
    howpublished = {\url{https://github.com/diepbp/z3-trau}},
    year = {2019}
}

@misc{htmlEscape,
    title = {The htmlEscape sanitisation operator},
    howpublished = {\url{https://github.com/google/closure-library/blob/master/closure/goog/string/string.js#L549}},
}

@misc{escapeString,
    title = {The escapeString sanitisation operator},
    howpublished = {\url{https://github.com/google/closure-library/blob/master/closure/goog/string/string.js#L878}},
}

@misc{addslashes,
    title = {The addslashes operator},
    howpublished = {\url{http://php.net/manual/en/function.addslashes.php}},
}

@misc{trim,
    title = {The trim sanitisation operator},
    howpublished = {\url{https://www.php.net/manual/en/function.trim.php}},
}

@misc{ABC,
    author = {Tevfik Bultan and contributors},
    title = {ABC string solver},
    howpublished = {\url{https://github.com/vlab-cs-ucsb/ABC}},
    year = {2015}
}

@inproceedings{LinM18,
  author    = {Anthony W. Lin and
               Rupak Majumdar},
  title     = {Quadratic Word Equations with Length Constraints, Counter Systems,
               and Presburger Arithmetic with Divisibility},
  booktitle = {{ATVA}},
  pages     = {352--369},
  year      = {2018},
}

@InProceedings{princess08,
  author =      {Philipp R{\"u}mmer},
  title =       {A Constraint Sequent Calculus for First-Order Logic with
                 Linear Integer Arithmetic},
  booktitle =    {{LPAR}},
  year =         2008,
  pages     = {274-289},
}

@inproceedings{nuxmv,
  author    = {Roberto Cavada and
               Alessandro Cimatti and
               Michele Dorigatti and
               Alberto Griggio and
               Alessandro Mariotti and
               Andrea Micheli and
               Sergio Mover and
               Marco Roveri and
               Stefano Tonetta},
  title     = {The nuXmv Symbolic Model Checker},
  booktitle = {{CAV}},
  pages     = {334--342},
  year      = {2014},
}

@Article{Sushi,
author="Fu, Xiang
and Powell, Michael C.
and Bantegui, Michael
and Li, Chung-Chih",
title="Simple linear string constraints",
journal="Formal Aspects of Computing",
year="2013",
month="Nov",
day="01",
volume="25",
number="6",
pages="847--891",
}

@inproceedings{Manea-RP,
  author    = {Joel D. Day and
               Vijay Ganesh and
               Paul He and
               Florin Manea and
               Dirk Nowotka},
  title     = {{RP}},
  pages     = {15--29},
  year      = {2018},
}

@inproceedings{Z3,
  author    = {Leonardo Mendon{\c{c}}a de Moura and
               Nikolaj Bj{\o}rner},
  title     = {{Z3:} An Efficient {SMT} Solver},
  booktitle = {{TACAS}},
  pages     = {337--340},
  year      = {2008},
}
