@Book{BGG97,
  author    = {Egon B{\"{o}}rger and
               Erich Gr{\"{a}}del and
               Yuri Gurevich},
  title     = {The Classical Decision Problem},
  series    = {Perspectives in Mathematical Logic},
  publisher = {Springer},
  year      = {1997},
  timestamp = {Mon, 06 Nov 2006 15:21:04 +0100},
  biburl    = {https://dblp.org/rec/bib/books/sp/BorgerGG1997},
  bibsource = {dblp computer science bibliography, https://dblp.org}
}

@inproceedings{AC10,
  author    = {Rajeev Alur and
               Pavol Cern{\'{y}}},
  editor    = {Kamal Lodaya and
               Meena Mahajan},
  title     = {Expressiveness of streaming string transducers},
  booktitle = {{IARCS} Annual Conference on Foundations of Software Technology and
               Theoretical Computer Science, {FSTTCS} 2010, December 15-18, 2010,
               Chennai, India},
  series    = {LIPIcs},
  volume    = {8},
  pages     = {1--12},
  publisher = {Schloss Dagstuhl - Leibniz-Zentrum f{\"{u}}r Informatik},
  year      = {2010},
  url       = {https://doi.org/10.4230/LIPIcs.FSTTCS.2010.1},
  doi       = {10.4230/LIPIcs.FSTTCS.2010.1},
  timestamp = {Tue, 11 Feb 2020 15:52:14 +0100},
  biburl    = {https://dblp.org/rec/conf/fsttcs/AlurC10.bib},
  bibsource = {dblp computer science bibliography, https://dblp.org}
}

