@article{popl22-full,
	author    = {Taolue Chen and Matthew Hague and Zhilei Han and Denghang Hu and 
	Alejandro Flores-Lamas and Anthony Lin and Shanglong Kan and Philipp Ruemmer and Zhilin Wu},
	title     = {Solving String Constraints With Regex-Dependent Functions Through Transducers With Priorities And Variables},
	journal   = {CoRR},
	volume    = {},
	year      = {2021},
	url       = {},
	archivePrefix = {arXiv},
	eprint    = {}
}

@article{Ama20,
	author    = {Roberto Amadini},
	title     = {A Survey on String Constraint Solving},
	journal   = {CoRR},
	volume    = {abs/2002.02376},
	year      = {2020},
	url       = {https://arxiv.org/abs/2002.02376},
	archivePrefix = {arXiv},
	eprint    = {2002.02376},
	timestamp = {Mon, 10 Feb 2020 15:12:57 +0100},
	biburl    = {https://dblp.org/rec/journals/corr/abs-2002-02376.bib},
	bibsource = {dblp computer science bibliography, https://dblp.org}
}


@article{GB16,
	author    = {Vijay Ganesh and
	Murphy Berzish},
	title     = {Undecidability of a Theory of Strings, Linear Arithmetic over Length,
	and String-Number Conversion},
	journal   = {CoRR},
	volume    = {abs/1605.09442},
	year      = {2016},
	url       = {http://arxiv.org/abs/1605.09442}
}

@article{BFL13,
	author    = {Pablo Barcel{\'{o}} and
	Diego Figueira and
	Leonid Libkin},
	title     = {Graph Logics with Rational Relations},
	journal   = {Logical Methods in Computer Science},
	volume    = {9},
	number    = {3},
	year      = {2013},
	url       = {https://doi.org/10.2168/LMCS-9(3:1)2013},
	doi       = {10.2168/LMCS-9(3:1)2013}
}


@inproceedings{ThomeSBB17,
	author    = {Julian Thom{\'{e}} and
	Lwin Khin Shar and
	Domenico Bianculli and
	Lionel C. Briand},
	title     = {Search-driven string constraint solving for vulnerability detection},
	booktitle = {Proceedings of the 39th International Conference on Software Engineering,
	{ICSE} 2017, Buenos Aires, Argentina, May 20-28, 2017},
	pages     = {198--208},
	year      = {2017},
	crossref  = {DBLP:conf/icse/2017},
	url       = {https://doi.org/10.1109/ICSE.2017.26},
	doi       = {10.1109/ICSE.2017.26}
}
@proceedings{DBLP:conf/icse/2017,
	editor    = {Sebasti{\'{a}}n Uchitel and
	Alessandro Orso and
	Martin P. Robillard},
	title     = {Proceedings of the 39th International Conference on Software Engineering,
	{ICSE} 2017, Buenos Aires, Argentina, May 20-28, 2017},
	publisher = {{IEEE} / {ACM}},
	year      = {2017},
	url       = {http://dl.acm.org/citation.cfm?id=3097368},
	isbn      = {978-1-5386-3868-2}
}


@inproceedings{AbdullaACDHRR18-trau,
	author    = {Parosh Aziz Abdulla and
	Mohamed Faouzi Atig and
	Yu{-}Fang Chen and
	Bui Phi Diep and
	Luk{\'{a}}s Hol{\'{\i}}k and
	Ahmed Rezine and
	Philipp R{\"{u}}mmer},
	title     = {Trau: {SMT} solver for string constraints},
	booktitle = {2018 Formal Methods in Computer Aided Design, {FMCAD} 2018, Austin,
	TX, USA, October 30 - November 2, 2018},
	pages     = {1--5},
	year      = {2018},
	crossref  = {DBLP:conf/fmcad/2018},
	url       = {https://doi.org/10.23919/FMCAD.2018.8602997},
	doi       = {10.23919/FMCAD.2018.8602997}
}
@proceedings{DBLP:conf/fmcad/2018,
	editor    = {Nikolaj Bj{\o}rner and
	Arie Gurfinkel},
	title     = {2018 Formal Methods in Computer Aided Design, {FMCAD} 2018, Austin,
	TX, USA, October 30 - November 2, 2018},
	publisher = {{IEEE}},
	year      = {2018},
	url       = {https://ieeexplore.ieee.org/xpl/conhome/8585253/proceeding},
	isbn      = {978-0-9835678-8-2}
}

@inproceedings{Saner08,
	author    = {Davide Balzarotti and
	Marco Cova and
	Viktoria Felmetsger and
	Nenad Jovanovic and
	Engin Kirda and
	Christopher Kruegel and
	Giovanni Vigna},
	title     = {Saner: Composing Static and Dynamic Analysis to Validate Sanitization
	in Web Applications},
	booktitle = {2008 {IEEE} Symposium on Security and Privacy (S{\&}P 2008), 18-21
	May 2008, Oakland, California, {USA}},
	pages     = {387--401},
	year      = {2008},
	url       = {https://doi.org/10.1109/SP.2008.22},
	doi       = {10.1109/SP.2008.22},
	timestamp = {Fri, 26 May 2017 00:50:06 +0200},
	biburl    = {http://dblp.uni-trier.de/rec/bib/conf/sp/BalzarottiCFJKKV08},
	bibsource = {dblp computer science bibliography, http://dblp.org}
}

@article{HJLRV18,
	author    = {Luk{\'{a}}s Hol{\'{\i}}k and
	Petr Janku and
	Anthony W. Lin and
	Philipp R{\"{u}}mmer and
	Tom{\'{a}}s Vojnar},
	title     = {String constraints with concatenation and transducers solved efficiently},
	journal   = {{PACMPL}},
	volume    = {2},
	number    = {{POPL}},
	pages     = {4:1--4:32},
	year      = {2018},
	url       = {http://doi.acm.org/10.1145/3158092},
	doi       = {10.1145/3158092}
}

@inproceedings{Z3-str2,
	author    = {Yunhui Zheng and
	Vijay Ganesh and
	Sanu Subramanian and
	Omer Tripp and
	Julian Dolby and
	Xiangyu Zhang},
	title     = {Effective Search-Space Pruning for Solvers of String Equations, Regular
	Expressions and Length Constraints},
	booktitle = {Computer Aided Verification - 27th International Conference, {CAV}
	2015, San Francisco, CA, USA, July 18-24, 2015, Proceedings, Part
	{I}},
	pages     = {235--254},
	year      = {2015},
	url       = {http://dx.doi.org/10.1007/978-3-319-21690-4_14},
	doi       = {10.1007/978-3-319-21690-4_14},
	timestamp = {Mon, 20 Jul 2015 11:27:14 +0200},
	biburl    = {http://dblp.uni-trier.de/rec/bib/conf/cav/ZhengGSTDZ15},
	bibsource = {dblp computer science bibliography, http://dblp.org},
	publisher = {Springer},
}

@inproceedings{ReynoldsWBBLT17,
	author    = {Andrew Reynolds and
	Maverick Woo and
	Clark W. Barrett and
	David Brumley and
	Tianyi Liang and
	Cesare Tinelli},
	title     = {Scaling Up {DPLL(T)} String Solvers Using Context-Dependent Simplification},
	booktitle = {Computer Aided Verification - 29th International Conference, {CAV}
	2017, Heidelberg, Germany, July 24-28, 2017, Proceedings, Part {II}},
	pages     = {453--474},
	year      = {2017},
	crossref  = {DBLP:conf/cav/2017-2},
	url       = {https://doi.org/10.1007/978-3-319-63390-9\_24},
	doi       = {10.1007/978-3-319-63390-9\_24} 
}
@proceedings{DBLP:conf/cav/2017-2,
	editor    = {Rupak Majumdar and
	Viktor Kuncak},
	title     = {Computer Aided Verification - 29th International Conference, {CAV}
	2017, Heidelberg, Germany, July 24-28, 2017, Proceedings, Part {II}},
	series    = {Lecture Notes in Computer Science},
	volume    = {10427},
	publisher = {Springer},
	year      = {2017},
	url       = {https://doi.org/10.1007/978-3-319-63390-9},
	doi       = {10.1007/978-3-319-63390-9},
	isbn      = {978-3-319-63389-3} 
}

@book{Diestel05,
    author = {Reinhard Diestel},
    title = {Graph Theory},
    year = {2005},
    publisher = {Springer},
    series  = {Graduate Texts in Mathematics},
    edition = {Third} 
}

@article{P04,
	author    = {Wojciech Plandowski},
	title     = {Satisfiability of word equations with constants is in {PSPACE}},
	journal   = {J. {ACM}},
	volume    = {51},
	number    = {3},
	pages     = {483--496},
	year      = {2004},
	url       = {http://doi.acm.org/10.1145/990308.990312},
	doi       = {10.1145/990308.990312},
	timestamp = {Thu, 09 Feb 2006 13:34:10 +0100},
	biburl    = {http://dblp.uni-trier.de/rec/bib/journals/jacm/Plandowski04},
	bibsource = {dblp computer science bibliography, http://dblp.org}
}


@article{J17,
	author    = {Artur Jez},
	title     = {Word equations in linear space},
	journal   = {CoRR},
	volume    = {abs/1702.00736},
	year      = {2017},
	url       = {http://arxiv.org/abs/1702.00736},
	timestamp = {Wed, 07 Jun 2017 14:40:11 +0200},
	biburl    = {http://dblp.uni-trier.de/rec/bib/journals/corr/Jez17},
	bibsource = {dblp computer science bibliography, http://dblp.org}
}

@inproceedings{Jez17,
  author    = {Artur Jez},
  title     = {Word Equations in Nondeterministic Linear Space},
  booktitle = {44th International Colloquium on Automata, Languages, and Programming,
               {ICALP} 2017, July 10-14, 2017, Warsaw, Poland},
  pages     = {95:1--95:13},
  year      = {2017},
}



@article{J16,
	author    = {Artur Jez},
	title     = {Recompression: {A} Simple and Powerful Technique for Word Equations},
	journal   = {J. {ACM}},
	volume    = {63},
	number    = {1},
	pages     = {4:1--4:51},
	year      = {2016},
	url       = {http://doi.acm.org/10.1145/2743014},
	doi       = {10.1145/2743014},
	timestamp = {Fri, 09 Dec 2016 13:15:44 +0100},
	biburl    = {http://dblp.uni-trier.de/rec/bib/journals/jacm/Jez16},
	bibsource = {dblp computer science bibliography, http://dblp.org}
}

@article{L16,
	author    = {Quang Loc Le},
	title     = {A Decision Procedure for String Logic with Equations, Regular Membership
	and Length Constraints},
	journal   = {CoRR},
	volume    = {abs/1610.01331},
	year      = {2016},
	url       = {http://arxiv.org/abs/1610.01331},
	timestamp = {Wed, 07 Jun 2017 14:40:23 +0200},
	biburl    = {http://dblp.uni-trier.de/rec/bib/journals/corr/Le16b},
	bibsource = {dblp computer science bibliography, http://dblp.org}
}

@inproceedings{LeH18,
  author    = {Quang Loc Le and
               Mengda He},
  title     = {A Decision Procedure for String Logic with Quadratic Equations, Regular
               Expressions and Length Constraints},
  booktitle = {Programming Languages and Systems - 16th Asian Symposium, {APLAS}
               2018, Wellington, New Zealand, December 2-6, 2018, Proceedings},
  pages     = {350--372},
  year      = {2018},
}

@proceedings{DBLP:conf/cav/2016-1,
	editor    = {Swarat Chaudhuri and
	Azadeh Farzan},
	title     = {Computer Aided Verification - 28th International Conference, {CAV}
	2016, Toronto, ON, Canada, July 17-23, 2016, Proceedings, Part {I}},
	series    = {Lecture Notes in Computer Science},
	volume    = {9779},
	publisher = {Springer},
	year      = {2016},
	url       = {https://doi.org/10.1007/978-3-319-41528-4},
	doi       = {10.1007/978-3-319-41528-4},
	isbn      = {978-3-319-41527-7},
	timestamp = {Thu, 25 May 2017 00:39:07 +0200},
	biburl    = {http://dblp.uni-trier.de/rec/bib/conf/cav/2016-1},
	bibsource = {dblp computer science bibliography, http://dblp.org}
}

booktitle = {Proceedings of the 43rd Annual ACM SIGPLAN-SIGACT Symposium on Principles of Programming Languages},

@inproceedings{LB16,
 author = {Lin, Anthony W. and Barcel\'{o}, Pablo},
 title = {String Solving with Word Equations and Transducers: Towards a Logic for Analysing Mutation {XSS}},
 series = {POPL '16},
 year = {2016},
 pages = {123--136},
 publisher = {ACM},
} 

@inproceedings{TCJ16,
  author    = {Minh{-}Thai Trinh and
               Duc{-}Hiep Chu and
               Joxan Jaffar},
  title     = {Progressive Reasoning over Recursively-Defined Strings},
  booktitle = {Computer Aided Verification - 28th International Conference, {CAV}
               2016, Toronto, ON, Canada, July 17-23, 2016, Proceedings, Part {I}},
  pages     = {218--240},
  year      = {2016},
  publisher = {Springer},
}

@article{YABI14,
 author = {Yu, Fang and Alkhalaf, Muath and Bultan, Tevfik and Ibarra, Oscar H.},
 title = {Automata-based Symbolic String Analysis for Vulnerability Detection},
 journal = {Form. Methods Syst. Des.},
 issue_date = {February  2014},
 volume = {44},
 number = {1},
 year = {2014},
 pages = {44--70},
 } 
 
 @book{HU79,
  author    = {John E. Hopcroft and
               Jeffrey D. Ullman},
  title     = {Introduction to Automata Theory, Languages and Computation},
  publisher = {Addison-Wesley},
  year      = {1979},
}

@article{Makanin,
  title={The problem of solvability of equations in a free semigroup},
  author={Makanin, Gennady S},
  journal={Sbornik: Mathematics},
  volume={32},
  number={2},
  pages={129--198},
  year={1977},
  publisher={Turpion Ltd}
}

@inproceedings{Gut98,
  author    = {Claudio Guti{\'e}rrez},
  title     = {Solving Equations in Strings: On Makanin's Algorithm},
  booktitle = {LATIN},
  year      = {1998},
  pages     = {358-373},
  bibsource = {DBLP, http://dblp.uni-trier.de}
}

@Incollection{diekert,
   title = "Makanin's {A}lgorithm",
   year = "2002",
   volume = "90",
   pages = "387--442",
   file_url = "[PS] http://www2.informatik.uni-stuttgart.de/fmi/ti/veroeffentlichungen/psfiles/Diekert98makanin.ps",
   web_url2 = "[\copyright Cambridge University Press] http://www.cambridge.org/gb/knowledge/isbn/item5759568/",
   editor = "M. Lothaire",
   publisher = "Cambridge University Press",
   series = "Encyclopedia of Mathematics and its Applications",
   chapter = "12",
   booktitle = "Algebraic Combinatorics on Words",
   author = "Diekert, Volker"
}

@article{Plandowski,
  author    = {Wojciech Plandowski},
  title     = {Satisfiability of word equations with constants is in {PSPACE}},
  journal   = {J. ACM},
  volume    = {51},
  number    = {3},
  year      = {2004},
  pages     = {483-496},
  bibsource = {DBLP, http://dblp.uni-trier.de}
}


@article{king76,
  author    = {James C. King},
  title     = {Symbolic Execution and Program Testing},
  journal   = {Commun. {ACM}},
  volume    = {19},
  number    = {7},
  pages     = {385--394},
  year      = {1976},
  doi       = {10.1145/360248.360252},
  timestamp = {Tue, 07 Jun 2011 16:51:04 +0200},
  biburl    = {http://dblp.uni-trier.de/rec/bib/journals/cacm/King76},
  bibsource = {dblp computer science bibliography, http://dblp.org}
}

@inproceedings{EXE,
 author = {Cadar, Cristian and , Vijay and Pawlowski, Peter M. and Dill, David L. and Engler, Dawson R.},
 title = {EXE: Automatically Generating Inputs of Death},
 booktitle = {Proceedings of the 13th ACM Conference on Computer and Communications Security},
 series = {CCS '06},
 year = {2006},
 isbn = {1-59593-518-5},
 location = {Alexandria, Virginia, USA},
 pages = {322--335},
 numpages = {14},
 url = {http://doi.acm.org/10.1145/1180405.1180445},
 doi = {10.1145/1180405.1180445},
 acmid = {1180445},
 publisher = {ACM},
 address = {New York, NY, USA},
 keywords = {attack generation, bug finding, constraint solving, dynamic analysis, symbolic execution, test case generation},
}

@article{DART,
 author = {Godefroid, Patrice and Klarlund, Nils and Sen, Koushik},
 title = {DART: Directed Automated Random Testing},
 journal = {SIGPLAN Not.},
 issue_date = {June 2005},
 volume = {40},
 number = {6},
 month = jun,
 year = {2005},
 issn = {0362-1340},
 pages = {213--223},
 numpages = {11},
 url = {http://doi.acm.org/10.1145/1064978.1065036},
 doi = {10.1145/1064978.1065036},
 acmid = {1065036},
 publisher = {ACM},
 address = {New York, NY, USA},
 keywords = {automated test generation, interfaces, program verification, random testing, software testing},
}


@inproceedings{S3,
  author    = {Minh{-}Thai Trinh and
               Duc{-}Hiep Chu and
               Joxan Jaffar},
  title     = {{S3:} {A} Symbolic String Solver for Vulnerability Detection in Web
               Applications},
  booktitle = {CCS},
  pages     = {1232--1243},
  year      = {2014},
}

@inproceedings{Abdulla17,
  author    = {Parosh Aziz Abdulla and
               Mohamed Faouzi Atig and
               Yu{-}Fang Chen and
               Bui Phi Diep and
               Luk{\'{a}}s Hol{\'{\i}}k and
               Ahmed Rezine and
               Philipp R{\"{u}}mmer},
  title     = {Flatten and conquer: a framework for efficient analysis of string
               constraints},
  booktitle = {Proceedings of the 38th {ACM} {SIGPLAN} Conference on Programming
               Language Design and Implementation, {PLDI} 2017, Barcelona, Spain,
               June 18-23, 2017},
  pages     = {602--617},
  year      = {2017},
  url       = {http://doi.acm.org/10.1145/3062341.3062384},
  doi       = {10.1145/3062341.3062384},
  timestamp = {Mon, 19 Jun 2017 08:37:26 +0200},
  biburl    = {http://dblp.uni-trier.de/rec/bib/conf/pldi/AbdullaACDHRR17},
  bibsource = {dblp computer science bibliography, http://dblp.org}
}


@inproceedings{DV13,
  author    = {Loris D'Antoni and
               Margus Veanes},
  title     = {Static Analysis of String Encoders and Decoders},
  booktitle = {VMCAI},
  pages     = {209--228},
  year      = {2013}
}

@inproceedings{symbolic-transducer,
  author    = {Margus Veanes and
               Pieter Hooimeijer and
               Benjamin Livshits and
               David Molnar and
               Nikolaj Bj{\o}rner},
  title     = {Symbolic finite state transducers: algorithms and applications},
  booktitle = {POPL},
  year      = {2012},
  pages     = {137-150},
}

@inproceedings{BEK,
  author    = {Pieter Hooimeijer and
               Benjamin Livshits and
               David Molnar and
               Prateek Saxena and
               Margus Veanes},
  title     = {Fast and Precise Sanitizer Analysis with {BEK}},
  booktitle = {{USENIX} Security Symposium},
  year      = {2011},
}

@inproceedings{Schulz,
  author    = {Klaus U. Schulz},
  title     = {Makanin's Algorithm for Word Equations - Two Improvements and a Generalization},
  booktitle = {Word Equations and Related Topics, First International Workshop, {IWWERT}
               '90, T{\"{u}}bingen, Germany, October 1-3, 1990, Proceedings},
  pages     = {85--150},
  year      = {1990},
  url       = {http://dx.doi.org/10.1007/3-540-55124-7_4},
  doi       = {10.1007/3-540-55124-7_4},
  timestamp = {Tue, 14 Jun 2011 20:34:26 +0200},
  biburl    = {http://dblp.uni-trier.de/rec/bib/conf/iwwert/Schulz90},
  bibsource = {dblp computer science bibliography, http://dblp.org}
}

@inproceedings{Vijay-length,
  author    = {Vijay Ganesh and
               Mia Minnes and
               Armando Solar{-}Lezama and
               Martin C. Rinard},
  title     = {Word Equations with Length Constraints: What's Decidable?},
  booktitle = {Hardware and Software: Verification and Testing - 8th International
               Haifa Verification Conference, {HVC} 2012, Haifa, Israel, November
               6-8, 2012. Revised Selected Papers},
  pages     = {209--226},
  year      = {2012},
  url       = {http://dx.doi.org/10.1007/978-3-642-39611-3_21},
  doi       = {10.1007/978-3-642-39611-3_21},
  timestamp = {Tue, 09 Jul 2013 14:14:21 +0200},
  biburl    = {http://dblp.uni-trier.de/rec/bib/conf/hvc/GaneshMSR12},
  bibsource = {dblp computer science bibliography, http://dblp.org}
}

@incollection{buchi,
  title={Definability in the existential theory of concatenation and undecidable extensions of this theory},
  author={B{\"u}chi, J Richard and Senger, Steven},
  booktitle={The Collected Works of J. Richard B{\"u}chi},
  pages={671--683},
  year={1990},
  publisher={Springer}
}

@article{Kern14,
  author    = {Christoph Kern},
  title     = {Securing the tangled web},
  journal   = {Commun. {ACM}},
  volume    = {57},
  number    = {9},
  pages     = {38--47},
  year      = {2014},
  url       = {http://doi.acm.org/10.1145/2643134},
  doi       = {10.1145/2643134},
  timestamp = {Thu, 04 Sep 2014 13:13:03 +0200},
  biburl    = {http://dblp.uni-trier.de/rec/bib/journals/cacm/Kern14},
  bibsource = {dblp computer science bibliography, http://dblp.org}
}

@misc{OWASP-XSS,
    author = {Jeff Williams and Jim Manico and Neil Mattatall},
    title = {XSS Prevention Cheat Sheet},
    note = {Referred July 2017},
    year = {2017},
    howpublished = {\url{https://www.owasp.org/index.php/XSS_(Cross_Site_Scripting)_Prevention_Cheat_Sheet}},
}

@book{Mat93,
 author = {Matiyasevich, Yuri V.},
 title = {Hilbert's Tenth Problem},
 year = {1993},
 publisher = {MIT Press},
 address = {Cambridge, MA, USA},
} 

@article{ID04,
  author    = {Oscar H. Ibarra and
               Zhe Dang},
  title     = {On two-way {FA} with monotonic counters and quadratic Diophantine
               equations},
  journal   = {Theor. Comput. Sci.},
  volume    = {312},
  number    = {2-3},
  pages     = {359--378},
  year      = {2004},
}

@inproceedings{RVG12,
  author    = {Gideon Redelinghuys and
               Willem Visser and
               Jaco Geldenhuys},
  title     = {Symbolic execution of programs with strings},
  booktitle = {SAICSIT}, 
  year      = {2012},
  pages     = {139--148}
}

@inproceedings{DHK16,
  author    = {Przemyslaw Daca and
               Thomas A. Henzinger and
               Andrey Kupriyanov},
  title     = {Array Folds Logic},
  booktitle = {Computer Aided Verification - 28th International Conference, {CAV}
               2016, Toronto, ON, Canada, July 17-23, 2016, Proceedings, Part {II}},
  pages     = {230--248},
  year      = {2016},
}

@inproceedings{AC10,
  author    = {Rajeev Alur and
               Pavol Cern{\'{y}}},
  title     = {Expressiveness of streaming string transducers},
  booktitle = {{IARCS} Annual Conference on Foundations of Software Technology and
               Theoretical Computer Science, {FSTTCS} 2010, December 15-18, 2010,
               Chennai, India},
  pages     = {1--12},
  year      = {2010},
}

@inproceedings{Z3-str,
  title={{Z3-str: a Z3-based string solver for web application analysis}},
  author={Zheng, Yunhui and Zhang, Xiangyu and Ganesh, Vijay},
  booktitle={{ESEC/SIGSOFT FSE}},
  pages={114--124},
  year={2013},
}

@inproceedings{Z3-str3,
  author    = {Murphy Berzish and
               Vijay Ganesh and
               Yunhui Zheng},
  title     = {Z3str3: {A} string solver with theory-aware heuristics},
  booktitle = {2017 Formal Methods in Computer Aided Design, {FMCAD} 2017, Vienna,
               Austria, October 2-6, 2017},
  pages     = {55--59},
  year      = {2017},
}

@inproceedings{cvc4,
  author    = {Tianyi Liang and
               Andrew Reynolds and
               Cesare Tinelli and
               Clark Barrett and
               Morgan Deters},
  title     = {A {DPLL(T)} Theory Solver for a Theory of Strings and Regular Expressions},
  booktitle = {{CAV}},
  year      = {2014},
  pages     = {646--662},
  timestamp = {Thu, 16 Oct 2014 09:36:43 +0200},
  biburl    = {http://dblp.uni-trier.de/rec/bib/conf/cav/LiangRTBD14},
  bibsource = {dblp computer science bibliography, http://dblp.org}
}


@inproceedings{Stranger,
  author    = {Fang Yu and
               Muath Alkhalaf and
               Tevfik Bultan},
  title     = {Stranger: An Automata-Based String Analysis Tool for {PHP}},
  booktitle = {TACAS},
  year      = {2010},
  pages     = {154-157},
  bibsource = {DBLP, http://dblp.uni-trier.de},
  note = {Benchmark can be found at \url{http://www.cs.ucsb.edu/~vlab/stranger/}}
}

@inproceedings{Abdulla14,
  author    = {Parosh Aziz Abdulla and
               Mohamed Faouzi Atig and
               Yu{-}Fang Chen and
               Luk{\'{a}}s Hol{\'{\i}}k and
               Ahmed Rezine and
               Philipp R{\"{u}}mmer and
               Jari Stenman},
  title     = {String Constraints for Verification},
  booktitle = {{CAV}},
  year      = {2014},
  pages     = {150--166},
}

@book{McMillan,
  author    = {K. L. McMillan},
  title     = {Symbolic model checking},
  publisher = {Kluwer},
  year      = {1993}
}

@book{BK08,
 author = {Baier, Christel and Katoen, Joost-Pieter},
 title = {Principles of Model Checking (Representation and Mind Series)},
 year = {2008},
 publisher = {The MIT Press},
}

@misc{Mustache,
    author = {Chris Wanstrath},
    title = {Mustache: Logic-less Templates},
    howpublished = {\url{https://mustache.github.io/}},
    note = {Referred July 2017.},
    year = {2009}
}

@misc{MustacheJS,
    author = {Jan Lehnardt and contributors},
    title = {mustache.js},
    howpublished = {\url{https://github.com/janl/mustache.js/}},
    note = {Referred July 2017.},
    year = {2015}
}

@misc{MustacheSingleQuote,
    title = {Add single quote to list of characters escaped},
    author = {pinterface},
    year = {2013},
    howpublished = {\url{https://github.com/mustache/spec/issues/69}},
    note = {Referred July 2017.}
}

@inproceedings{BCFJKKV08,
  author    = {Davide Balzarotti and
               Marco Cova and
               Viktoria Felmetsger and
               Nenad Jovanovic and
               Engin Kirda and
               Christopher Kruegel and
               Giovanni Vigna},
  title     = {Saner: Composing Static and Dynamic Analysis to Validate Sanitization
               in Web Applications},
  booktitle = {2008 {IEEE} Symposium on Security and Privacy (S{\&}P 2008), 18-21
               May 2008, Oakland, California, {USA}},
  pages     = {387--401},
  year      = {2008},
  url       = {https://doi.org/10.1109/SP.2008.22},
  doi       = {10.1109/SP.2008.22},
  timestamp = {Fri, 26 May 2017 00:50:06 +0200},
  biburl    = {http://dblp.uni-trier.de/rec/bib/conf/sp/BalzarottiCFJKKV08},
  bibsource = {dblp computer science bibliography, http://dblp.org}
}

@inproceedings{Berkeley-JavaScript,
  author    = {Prateek Saxena and
               Devdatta Akhawe and
               Steve Hanna and
               Feng Mao and
               Stephen McCamant and
               Dawn Song},
  title     = {A Symbolic Execution Framework for JavaScript},
  booktitle = {31st {IEEE} Symposium on Security and Privacy, S{\&}P 2010, 16-19
               May 2010, Berleley/Oakland, California, {USA}},
  pages     = {513--528},
  year      = {2010},
  url       = {https://doi.org/10.1109/SP.2010.38},
  doi       = {10.1109/SP.2010.38},
  timestamp = {Fri, 26 May 2017 00:50:06 +0200},
  biburl    = {http://dblp.uni-trier.de/rec/bib/conf/sp/SaxenaAHMMS10},
  bibsource = {dblp computer science bibliography, http://dblp.org}
}

@misc{Closure,
    title = {Closure Templates},
    author = {Google},
    howpublished = {\url{https://developers.google.com/closure/templates/}},
    note = {Referred July 2017.},
    year = {2015}
}

@inproceedings{SSS11,
 author = {Samuel, Mike and Saxena, Prateek and Song, Dawn},
 title = {Context-sensitive Auto-sanitization in Web Templating Languages Using Type Qualifiers},
 booktitle = {Proceedings of the 18th ACM Conference on Computer and Communications Security},
 series = {CCS '11},
 year = {2011},
 isbn = {978-1-4503-0948-6},
 location = {Chicago, Illinois, USA},
 pages = {587--600},
 numpages = {14},
 url = {http://doi.acm.org/10.1145/2046707.2046775},
 doi = {10.1145/2046707.2046775},
 acmid = {2046775},
 publisher = {ACM},
 address = {New York, NY, USA},
 keywords = {cross-site scripting, type systems, web frameworks},
}

@inproceedings{fang-yu-circuits,
  author    = {Hung{-}En Wang and
               Tzung{-}Lin Tsai and
               Chun{-}Han Lin and
               Fang Yu and
               Jie{-}Hong R. Jiang},
  title     = {String Analysis via Automata Manipulation with Logic Circuit Representation},
  booktitle = {Computer Aided Verification - 28th International Conference, {CAV}
               2016, Toronto, ON, Canada, July 17-23, 2016, Proceedings, Part {I}},
  pages     = {241--260},
  series    = {Lecture Notes in Computer Science},
  volume    = {9779},
  publisher = {Springer},
  year      = {2016},
  url       = {http://dx.doi.org/10.1007/978-3-319-41528-4},
  doi       = {10.1007/978-3-319-41528-4},
  isbn      = {978-3-319-41527-7},
  timestamp = {Wed, 13 Jul 2016 09:31:03 +0200},
  biburl    = {http://dblp.uni-trier.de/rec/bib/conf/cav/2016-1},
  bibsource = {dblp computer science bibliography, http://dblp.org}
}

@inproceedings{jalangi,
  author    = {Koushik Sen and
               Swaroop Kalasapur and
               Tasneem G. Brutch and
               Simon Gibbs},
  title     = {Jalangi: a selective record-replay and dynamic analysis framework
               for JavaScript},
  booktitle = {Joint Meeting of the European Software Engineering Conference and
               the {ACM} {SIGSOFT} Symposium on the Foundations of Software Engineering,
               ESEC/FSE'13, Saint Petersburg, Russian Federation, August 18-26, 2013},
  pages     = {488--498},
  year      = {2013},
  url       = {http://doi.acm.org/10.1145/2491411.2491447},
  doi       = {10.1145/2491411.2491447},
  timestamp = {Sat, 31 Aug 2013 17:43:06 +0200},
  biburl    = {http://dblp.uni-trier.de/rec/bib/conf/sigsoft/SenKBG13},
  bibsource = {dblp computer science bibliography, http://dblp.org}
}

@inproceedings{BTV09,
  title={Path feasibility analysis for string-manipulating programs},
  author={Bj{\o}rner, Nikolaj and Tillmann, Nikolai and Voronkov, Andrei},
  booktitle={TACAS},
  pages={307--321},
  year={2009},
}

@inproceedings{RLJ+13,
 author = {Alur, Rajeev and D'Antoni, Loris and Deshmukh, Jyotirmoy and Raghothaman, Mukund and Yuan, Yifei},
 title = {Regular Functions and Cost Register Automata},
 booktitle = {Proceedings of the 2013 28th Annual ACM/IEEE Symposium on Logic in Computer Science},
 series = {LICS '13},
 year = {2013},
 pages = {13--22},
 publisher = {IEEE Computer Society},
} 

@article{CHL+19,
author = {Chen, Taolue and Hague, Matthew and Lin, Anthony W. and R\"{u}mmer, Philipp and Wu, Zhilin},
title = {Decision Procedures for Path Feasibility of String-Manipulating Programs with Complex Operations},
year = {2019},
publisher = {Association for Computing Machinery},
volume = {3},
number = {{POPL}},
doi = {10.1145/3290362},
journal = {PACMPL},
month = jan,
articleno = {Article 49},
numpages = {30},
}

@article{CCH+18,
  author    = {Taolue Chen and
               Yan Chen and
               Matthew Hague and
               Anthony W. Lin and
               Zhilin Wu},
  title     = {What is decidable about string constraints with the ReplaceAll function},
  journal   = {{PACMPL}},
  volume    = {2},
  number    = {{POPL}},
  pages     = {3:1--3:29},
  year      = {2018},
 }
 
 
@inproceedings{WC+18,
author = {Wang, Hung-En and Chen, Shih-Yu and Yu, Fang and Jiang, Jie-Hong R.},
title = {A Symbolic Model Checking Approach to the Analysis of String and Length Constraints},
year = {2018},
publisher = {ACM},
doi = {10.1145/3238147.3238189},
booktitle = {Proceedings of the 33rd ACM/IEEE International Conference on Automated Software Engineering},
pages = {623–633},
numpages = {11},
series = {ASE 2018}
}

@inproceedings{AbdullaA+19,
  author    = {Parosh Aziz Abdulla and
               Mohamed Faouzi Atig and
               Bui Phi Diep and
               Luk{\'{a}}s Hol{\'{\i}}k and
               Petr Janku},
  title     = {Chain-Free String Constraints},
  booktitle = {Automated Technology for Verification and Analysis - 17th International
               Symposium, {ATVA} 2019, Taipei, Taiwan, October 28-31, 2019, Proceedings},
  pages     = {277--293},
  year      = {2019},
  doi       = {10.1007/978-3-030-31784-3\_16},
}

@inproceedings{SSMH04,
  author    = {Helmut Seidl and
               Thomas Schwentick and
               Anca Muscholl and
               Peter Habermehl},
  title     = {Counting in Trees for Free},
  booktitle = {Automata, Languages and Programming: 31st International Colloquium,
               {ICALP} 2004, Turku, Finland, July 12-16, 2004. Proceedings},
  pages     = {1136--1149},
  year      = {2004},
  doi       = {10.1007/978-3-540-27836-8\_94},
}

@article{GS78,
author = {Gathen, Joachim and Sieveking, Malte},
year = {1978},
month = {10},
pages = {155-155},
title = {A Bound on Solutions of Linear Integer Equalities and Inequalities},
volume = {72},
journal = {Proceedings of The American Mathematical Society - PROC AMER MATH SOC},
doi = {10.2307/2042554}
}

@article{BT76,
 author = {I. Borosh and L. B. Treybig},
 journal = {Proceedings of the American Mathematical Society},
 number = {2},
 pages = {299--304},
 publisher = {American Mathematical Society},
 title = {Bounds on Positive Integral Solutions of Linear Diophantine Equations},
 volume = {55},
 year = {1976}
}


@article{Haase18,
author = {Haase, Christoph},
title = {A Survival Guide to Presburger Arithmetic},
year = {2018},
publisher = {Association for Computing Machinery},
volume = {5},
number = {3},
doi = {10.1145/3242953.3242964},
journal = {ACM SIGLOG News},
pages = {67–82},
}

@book{complexity-book,
  author = {Papadimitriou, Christos H.},
  isbn = {978-0-201-53082-7},
  pages = {I-XV, 1-523},
  publisher = {Addison-Wesley},
  title = {Computational complexity.},
  year = 1994
}


@inproceedings{KLEE,
 author = {Cadar, Cristian and Dunbar, Daniel and Engler, Dawson},
 title = {KLEE: Unassisted and Automatic Generation of High-coverage Tests for Complex Systems Programs},
 booktitle = {Proceedings of the 8th USENIX Conference on Operating Systems Design and Implementation},
 series = {OSDI'08},
 year = {2008},
 location = {San Diego, California},
 pages = {209--224},
 numpages = {16},
 url = {http://dl.acm.org/citation.cfm?id=1855741.1855756},
 acmid = {1855756},
 publisher = {USENIX Association},
 address = {Berkeley, CA, USA},
} 

@inproceedings{CUTE,
    author = "Sen, Koushik and Marinov, Darko and Agha, Gul",
    title = "CUTE: a concolic unit testing engine for C",
    booktitle = {Proceedings of the 10th European Software Engineering Conference held
               jointly with 13th {ACM} {SIGSOFT} International Symposium on Foundations
               of Software Engineering, 2005, Lisbon, Portugal, September 5-9, 2005, {ESEC/SIGSOFT FSE} 2005},
    pages = "263-272",
    year = "2005",
    doi       = {10.1145/1081706.1081750},
    publisher = {{ACM}},
}

@misc{owasp17,
    author = {Andrew van der Stock and Brian Glas and Neil Smithline and Torsten
    Gigler},
    title = {{OWASP} {T}op 10 -- 2017},
    note = {Referred January 2018},
    year = {2017},
    howpublished = {\url{https://www.owasp.org/index.php/Top_10-2017_Top_10}}
}

@misc{url-reflect,
    title = {URL Reflection Attacks},
    howpublished = {\url{https://sites.google.com/site/xssvulnerabilities/types-of-javascript-injection/url-reflection-attacks}}
}



@article{symbex-survey,
 author = {Cadar, Cristian and Sen, Koushik},
 title = {Symbolic Execution for Software Testing: Three Decades Later},
 journal = {Commun. ACM},
 issue_date = {February 2013},
 volume = {56},
 number = {2},
 month = feb,
 year = {2013},
 issn = {0001-0782},
 pages = {82--90},
 numpages = {9},
 url = {http://doi.acm.org/10.1145/2408776.2408795},
 doi = {10.1145/2408776.2408795},
 acmid = {2408795},
 publisher = {ACM},
 address = {New York, NY, USA},
} 

@misc{Z3-trau,
    author = {Diep Bui and contributors},
    title = {Z3-Trau},
    howpublished = {\url{https://github.com/diepbp/z3-trau}
    },
    year = {2019}
}

@misc{htmlEscape,
    title = {The htmlEscape sanitisation operator},
    howpublished = {\url{https://github.com/google/closure-library/blob/master/closure/goog/string/string.js#L549}},
}

@misc{escapeString,
    title = {The escapeString sanitisation operator},
    howpublished = {\url{https://github.com/google/closure-library/blob/master/closure/goog/string/string.js#L878}},
}

@misc{addslashes,
    title = {The addslashes operator},
    howpublished = {\url{http://php.net/manual/en/function.addslashes.php}},
}

@misc{trim,
    title = {The trim sanitisation operator},
    howpublished = {\url{https://www.php.net/manual/en/function.trim.php}},
}

@misc{ABC,
    author = {Tevfik Bultan and contributors},
    title = {ABC string solver},
    howpublished = {\url{https://github.com/vlab-cs-ucsb/ABC}},
    year = {2015}
}

@inproceedings{LinM18,
  author    = {Anthony W. Lin and
               Rupak Majumdar},
  title     = {Quadratic Word Equations with Length Constraints, Counter Systems,
               and Presburger Arithmetic with Divisibility},
  booktitle = {Automated Technology for Verification and Analysis - 16th International
               Symposium, {ATVA} 2018, Los Angeles, CA, USA, October 7-10, 2018,
               Proceedings},
  pages     = {352--369},
  year      = {2018},
}

@InProceedings{princess08,
  author =      {Philipp R{\"u}mmer},
  title =       {A Constraint Sequent Calculus for First-Order Logic with
                 Linear Integer Arithmetic},
  booktitle =    {Logic for Programming, Artificial Intelligence, and Reasoning, 15th
               International Conference, {LPAR} 2008, LNCS 5330},
  year =         2008,
    pages     = {274-289},
    doi       = {10.1007/978-3-540-89439-1\_20},
    publisher =  { Springer},
}

@inproceedings{nuxmv,
  author    = {Roberto Cavada and
               Alessandro Cimatti and
               Michele Dorigatti and
               Alberto Griggio and
               Alessandro Mariotti and
               Andrea Micheli and
               Sergio Mover and
               Marco Roveri and
               Stefano Tonetta},
  title     = {The nuXmv Symbolic Model Checker},
  booktitle = {Computer Aided Verification - 26th International Conference, {CAV}
               2014, Held as Part of the Vienna Summer of Logic, {VSL} 2014, Vienna,
               Austria, July 18-22, 2014. Proceedings},
  pages     = {334--342},
  year      = {2014},
}

@Article{Sushi,
author="Fu, Xiang
and Powell, Michael C.
and Bantegui, Michael
and Li, Chung-Chih",
title="Simple linear string constraints",
journal="Formal Aspects of Computing",
year="2013",
month="Nov",
day="01",
volume="25",
number="6",
pages="847--891",
}

@inproceedings{DBLP:conf/kbse/WangCYJ18,
  author    = {Hung{-}En Wang and
               Shih{-}Yu Chen and
               Fang Yu and
               Jie{-}Hong R. Jiang},
  title     = {A symbolic model checking approach to the analysis of string and length
               constraints},
  booktitle = {Proceedings of the 33rd {ACM/IEEE} International Conference on Automated
               Software Engineering, {ASE} 2018, Montpellier, France, September 3-7,
               2018},
  pages     = {623--633},
  year      = {2018},
  crossref  = {DBLP:conf/kbse/2018},
  url       = {https://doi.org/10.1145/3238147.3238189},
  doi       = {10.1145/3238147.3238189},
  timestamp = {Wed, 21 Nov 2018 12:44:20 +0100},
  biburl    = {https://dblp.org/rec/bib/conf/kbse/WangCYJ18},
  bibsource = {dblp computer science bibliography, https://dblp.org}
}

@proceedings{DBLP:conf/kbse/2018,
  editor    = {Marianne Huchard and
               Christian K{\"{a}}stner and
               Gordon Fraser},
  title     = {Proceedings of the 33rd {ACM/IEEE} International Conference on Automated
               Software Engineering, {ASE} 2018, Montpellier, France, September 3-7,
               2018},
  publisher = {{ACM}},
  year      = {2018},
  url       = {https://doi.org/10.1145/3238147},
  doi       = {10.1145/3238147},
  timestamp = {Wed, 21 Nov 2018 12:44:20 +0100},
  biburl    = {https://dblp.org/rec/bib/conf/kbse/2018},
  bibsource = {dblp computer science bibliography, https://dblp.org}
}

@inproceedings{Manea-RP,
  author    = {Joel D. Day and
               Vijay Ganesh and
               Paul He and
               Florin Manea and
               Dirk Nowotka},
  title     = {The Satisfiability of Word Equations: Decidable and Undecidable Theories},
  booktitle = {Reachability Problems - 12th International Conference, {RP} 2018,
               Marseille, France, September 24-26, 2018, Proceedings},
  pages     = {15--29},
  year      = {2018},
  url       = {https://doi.org/10.1007/978-3-030-00250-3\_2},
  doi       = {10.1007/978-3-030-00250-3\_2},
  timestamp = {Tue, 14 May 2019 10:00:51 +0200},
  biburl    = {https://dblp.org/rec/bib/conf/rp/DayGHMN18},
  bibsource = {dblp computer science bibliography, https://dblp.org}
}

@inproceedings{Z3,
  author    = {Leonardo Mendon{\c{c}}a de Moura and
               Nikolaj Bj{\o}rner},
  title     = {{Z3:} An Efficient {SMT} Solver},
  booktitle = {Tools and Algorithms for the Construction and Analysis of Systems,
               14th International Conference, {TACAS} 2008, Held as Part of the Joint
               European Conferences on Theory and Practice of Software, {ETAPS} 2008,
               Budapest, Hungary, March 29-April 6, 2008. Proceedings},
  pages     = {337--340},
  year      = {2008},
  url       = {https://doi.org/10.1007/978-3-540-78800-3\_24},
  doi       = {10.1007/978-3-540-78800-3\_24},
  timestamp = {Tue, 14 May 2019 10:00:53 +0200},
  biburl    = {https://dblp.org/rec/bib/conf/tacas/MouraB08},
  bibsource = {dblp computer science bibliography, https://dblp.org}
}

@inproceedings{VSS05,
  author    = {K. N. Verma and
               H. Seidl and
               T. Schwentick},
  title     = {On the Complexity of Equational Horn Clauses},
  booktitle = {CADE},
  year      = {2005},
  pages     = {337-352},
  bibsource = {DBLP, http://dblp.uni-trier.de}
}

@article{BM17,
    title = "On the semantics of regular expression parsing in the wild",
    journal = "Theoretical Computer Science",
    volume = "679",
    pages = "69 - 82",
    year = "2017",
    author = "Martin Berglund and Brink van der Merwe"
}

@inproceedings{FR17,
  author    = {Emmanuel Filiot and
               Pierre{-}Alain Reynier},
  editor    = {Matthew Hague and
               Igor Potapov},
  title     = {Copyful Streaming String Transducers},
  booktitle = {Reachability Problems - 11th International Workshop, {RP} 2017, London,
               UK, September 7-9, 2017, Proceedings},
  series    = {Lecture Notes in Computer Science},
  volume    = {10506},
  pages     = {75--86},
  publisher = {Springer},
  year      = {2017},
}

@article{CSY03,
  author    = {Cezar C{\^{a}}mpeanu and
               Kai Salomaa and
               Sheng Yu},
  title     = {A Formal Study Of Practical Regular Expressions},
  journal   = {Int. J. Found. Comput. Sci.},
  volume    = {14},
  number    = {6},
  pages     = {1007--1018},
  year      = {2003},
} 

@inproceedings{AD11,
  author    = {Rajeev Alur and
               Jyotirmoy V. Deshmukh},
  editor    = {Luca Aceto and
               Monika Henzinger and
               Jir{\'{\i}} Sgall},
  title     = {Nondeterministic Streaming String Transducers},
  booktitle = {Automata, Languages and Programming - 38th International Colloquium,
               {ICALP} 2011, Zurich, Switzerland, July 4-8, 2011, Proceedings, Part
               {II}},
  series    = {Lecture Notes in Computer Science},
  volume    = {6756},
  pages     = {1--20},
  publisher = {Springer},
  year      = {2011},
}

@inproceedings{CN09,
  author    = {Benjamin Carle and
               Paliath Narendran},
  editor    = {Adrian{-}Horia Dediu and
               Armand{-}Mihai Ionescu and
               Carlos Mart{\'{\i}}n{-}Vide},
  title     = {On Extended Regular Expressions},
  booktitle = {Language and Automata Theory and Applications, Third International
               Conference, {LATA} 2009, Tarragona, Spain, April 2-8, 2009. Proceedings},
  series    = {Lecture Notes in Computer Science},
  volume    = {5457},
  pages     = {279--289},
  publisher = {Springer},
  year      = {2009},
}

@article{Gluskov61,
	year = 1961,
	publisher = {{IOP} Publishing},
	volume = {16},
	number = {5},
	pages = {1--53},
	author = {V M Glushkov},
	title = {The abstract theory of automata},
	journal = {Russian Mathematical Surveys},
}

@book{MasterREbook,
author = {Friedl, Jeffrey E. F. and Oram, Andy},
title = {Mastering Regular Expressions},
year = {2002},
isbn = {0596002890},
publisher = {O'Reilly \& Associates, Inc.},
address = {USA},
edition = {2},
}

@inproceedings{BDM14,
  author    = {Martin Berglund and
               Frank Drewes and
               Brink van der Merwe},
  editor    = {Zolt{\'{a}}n {\'{E}}sik and
               Zolt{\'{a}}n F{\"{u}}l{\"{o}}p},
  title     = {Analyzing Catastrophic Backtracking Behavior in Practical Regular
               Expression Matching},
  booktitle = {Proceedings 14th International Conference on Automata and Formal Languages,
               {AFL} 2014, Szeged, Hungary, May 27-29, 2014},
  series    = {{EPTCS}},
  volume    = {151},
  pages     = {109--123},
  year      = {2014},
  url       = {https://doi.org/10.4204/EPTCS.151.7},
  doi       = {10.4204/EPTCS.151.7},
}

@article{Thompson68,
  author    = {Ken Thompson},
  title     = {Regular Expression Search Algorithm},
  journal   = {Commun. {ACM}},
  volume    = {11},
  number    = {6},
  pages     = {419--422},
  year      = {1968},
  url       = {https://doi.org/10.1145/363347.363387},
  doi       = {10.1145/363347.363387},
}



@inproceedings{LMK19,
  author    = {Blake Loring and
               Duncan Mitchell and
               Johannes Kinder},
  title     = {Sound regular expression semantics for dynamic symbolic execution
               of JavaScript},
  booktitle = {Proceedings of the 40th {ACM} {SIGPLAN} Conference on Programming
               Language Design and Implementation, {PLDI} 2019, Phoenix, AZ, USA,
               June 22-26, 2019},
  pages     = {425--438},
  publisher = {{ACM}},
  year      = {2019},
}

@inproceedings{aratha,
  author    = {Roberto Amadini and
               Mak Andrlon and
               Graeme Gange and
               Peter Schachte and
               Harald S{\o}ndergaard and
               Peter J. Stuckey},
  editor    = {Louis{-}Martin Rousseau and
               Kostas Stergiou},
  title     = {Constraint Programming for Dynamic Symbolic Execution of JavaScript},
  booktitle = {Integration of Constraint Programming, Artificial Intelligence, and
               Operations Research - 16th International Conference, {CPAIOR} 2019,
               Thessaloniki, Greece, June 4-7, 2019, Proceedings},
  series    = {Lecture Notes in Computer Science},
  volume    = {11494},
  pages     = {1--19},
  publisher = {Springer},
  year      = {2019},
  url       = {https://doi.org/10.1007/978-3-030-19212-9\_1},
  doi       = {10.1007/978-3-030-19212-9\_1},
  timestamp = {Sun, 25 Oct 2020 23:15:05 +0100},
  biburl    = {https://dblp.org/rec/conf/cpaior/AmadiniAGSSS19.bib},
  bibsource = {dblp computer science bibliography, https://dblp.org}
}

@inproceedings{DBLP:conf/cp/AmadiniGS20,
  author    = {Roberto Amadini and
               Graeme Gange and
               Peter J. Stuckey},
  editor    = {Helmut Simonis},
  title     = {Dashed Strings and the Replace(-all) Constraint},
  booktitle = {Principles and Practice of Constraint Programming - 26th International
               Conference, {CP} 2020, Louvain-la-Neuve, Belgium, September 7-11,
               2020, Proceedings},
  series    = {Lecture Notes in Computer Science},
  volume    = {12333},
  pages     = {3--20},
  publisher = {Springer},
  year      = {2020},
  url       = {https://doi.org/10.1007/978-3-030-58475-7\_1},
  doi       = {10.1007/978-3-030-58475-7\_1},
  timestamp = {Sat, 19 Sep 2020 13:19:46 +0200},
  biburl    = {https://dblp.org/rec/conf/cp/AmadiniGS20.bib},
  bibsource = {dblp computer science bibliography, https://dblp.org}
}


@inproceedings{DBLP:conf/spin/LoringMK17,
  author    = {Blake Loring and
               Duncan Mitchell and
               Johannes Kinder},
  editor    = {Hakan Erdogmus and
               Klaus Havelund},
  title     = {ExpoSE: practical symbolic execution of standalone JavaScript},
  booktitle = {Proceedings of the 24th {ACM} {SIGSOFT} International {SPIN} Symposium
               on Model Checking of Software, Santa Barbara, CA, USA, July 10-14,
               2017},
  pages     = {196--199},
  publisher = {{ACM}},
  year      = {2017},
  url       = {https://doi.org/10.1145/3092282.3092295},
  doi       = {10.1145/3092282.3092295},
  timestamp = {Tue, 06 Nov 2018 11:06:50 +0100},
  biburl    = {https://dblp.org/rec/conf/spin/LoringMK17.bib},
  bibsource = {dblp computer science bibliography, https://dblp.org}
}

@inproceedings{DMC+19,
author = {Davis, James C. and Michael IV, Louis G. and Coghlan, Christy A. and Servant, Francisco and Lee, Dongyoon},
title = {Why Aren't Regular Expressions a Lingua Franca? An Empirical Study on the Re-Use and Portability of Regular Expressions},
year = {2019},
isbn = {9781450355728},
publisher = {Association for Computing Machinery},
address = {New York, NY, USA},
booktitle = {Proceedings of the 2019 27th ACM Joint Meeting on European Software Engineering Conference and Symposium on the Foundations of Software Engineering},
pages = {443–454},
numpages = {12},
series = {ESEC/FSE 2019}
}

@article{ZAM19,
  title={Solving String Constraints with Streaming String Transducers},
  author={Qizhen Zhu and Hitoshi Akama and Yasuhiko Minamide},
  journal={Journal of Information Processing},
  volume={27},
  number={ },
  pages={810-821},
  year={2019},
  doi={10.2197/ipsjjip.27.810}
}  

@inproceedings{MDD+19,
author = {Michael, Louis G. and Donohue, James and Davis, James C. and Lee, Dongyoon and Servant, Francisco},
title = {Regexes Are Hard: Decision-Making, Difficulties, and Risks in Programming Regular Expressions},
year = {2019},
publisher = {IEEE Press},
url = {https://doi.org/10.1109/ASE.2019.00047},
doi = {10.1109/ASE.2019.00047},
booktitle = {Proceedings of the 34th IEEE/ACM International Conference on Automated Software Engineering},
pages = {415–426},
numpages = {12},
series = {ASE '19}
}

@inproceedings{SP18,
author = {Staicu, Cristian-Alexandru and Pradel, Michael},
title = {Freezing the Web: A Study of ReDoS Vulnerabilities in Javascript-Based Web Servers},
year = {2018},
publisher = {USENIX Association},
address = {USA},
booktitle = {Proceedings of the 27th USENIX Conference on Security Symposium},
pages = {361–376},
numpages = {16},
location = {Baltimore, MD, USA},
series = {SEC'18}
}

@inproceedings{DCSL18,
author = {Davis, James C. and Coghlan, Christy A. and Servant, Francisco and Lee, Dongyoon},
title = {The Impact of Regular Expression Denial of Service (ReDoS) in Practice: An Empirical Study at the Ecosystem Scale},
year = {2018},
publisher = {Association for Computing Machinery},
address = {New York, NY, USA},
booktitle = {Proceedings of the 2018 26th ACM Joint Meeting on European Software Engineering Conference and Symposium on the Foundations of Software Engineering},
pages = {246–256},
numpages = {11},
location = {Lake Buena Vista, FL, USA},
series = {ESEC/FSE 2018}
}

@article{FS19,
  author    = {Dominik D. Freydenberger and
               Markus L. Schmid},
  title     = {Deterministic regular expressions with back-references},
  journal   = {J. Comput. Syst. Sci.},
  volume    = {105},
  pages     = {1--39},
  year      = {2019},
}

@article{Schmid16,
  author    = {Markus L. Schmid},
  title     = {Characterising {REGEX} languages by regular languages equipped with
               factor-referencing},
  journal   = {Inf. Comput.},
  volume    = {249},
  pages     = {1--17},
  year      = {2016},
}

@article{Freydenberger13,
  author    = {Dominik D. Freydenberger},
  title     = {Extended Regular Expressions: Succinctness and Decidability},
  journal   = {Theory Comput. Syst.},
  volume    = {53},
  number    = {2},
  pages     = {159--193},
  year      = {2013},
}

@misc{ECMAScript10,
    author = {Brian Terlson and Bradley Farias and Jordan Harband},
    title = {{ECMAS}script Language Specification, 10th Edition},
    year = {2019},
    howpublished = {\url{https://262.ecma-international.org/10.0/}}
}

@misc{ECMAScript11,
    author = {Jordan Harband and Kevin Smith},
    title = {{ECMAS}script 2020 Language Specification, 11th Edition},
    year = {2020},
    howpublished = {\url{https://262.ecma-international.org/11.0/}}
}

@inproceedings{Kozen77,
  author    = {Dexter Kozen},
  title     = {Lower Bounds for Natural Proof Systems},
  booktitle = {18th Annual Symposium on Foundations of Computer Science, Providence,
               Rhode Island, USA, 31 October - 1 November 1977},
  pages     = {254--266},
  publisher = {{IEEE} Computer Society},
  year      = {1977},
}

@article{CKS81,
  author    = {Ashok K. Chandra and
               Dexter Kozen and
               Larry J. Stockmeyer},
  title     = {Alternation},
  journal   = {J. {ACM}},
  volume    = {28},
  number    = {1},
  pages     = {114--133},
  year      = {1981},
  url       = {https://doi.org/10.1145/322234.322243},
  doi       = {10.1145/322234.322243},
  timestamp = {Thu, 14 Oct 2021 09:25:04 +0200},
  biburl    = {https://dblp.org/rec/journals/jacm/ChandraKS81.bib},
  bibsource = {dblp computer science bibliography, https://dblp.org}
}

@article{HAMPI,
  author    = {Adam Kiezun and
               Vijay Ganesh and
               Shay Artzi and
               Philip J. Guo and
               Pieter Hooimeijer and
               Michael D. Ernst},
  title     = {{HAMPI:} {A} solver for word equations over strings, regular expressions,
               and context-free grammars},
  journal   = {{ACM} Trans. Softw. Eng. Methodol.},
  volume    = {21},
  number    = {4},
  pages     = {25:1--25:28},
  year      = {2012},
}

@incollection{Aho90,
  author    = {Alfred V. Aho},
  title     = {Algorithms for Finding Patterns in Strings},
  booktitle = {Handbook of Theoretical Computer Science, Volume {A:} Algorithms and
               Complexity},
  pages     = {255--300},
  year      = {1990},
  timestamp = {Sat, 03 Aug 2019 19:26:43 +0200},
  biburl    = {https://dblp.org/rec/books/el/leeuwen90/Aho90.bib},
  bibsource = {dblp computer science bibliography, https://dblp.org}
}

@inproceedings{BM17b,
  author    = {Martin Berglund and
               Brink van der Merwe},
  editor    = {Jan Holub and
               Jan Zd{\'{a}}rek},
  title     = {Regular Expressions with Backreferences Re-examined},
  booktitle = {Proceedings of the Prague Stringology Conference 2017, Prague, Czech
               Republic, August 28-30, 2017},
  pages     = {30--41},
  publisher = {Department of Theoretical Computer Science, Faculty of Information
               Technology, Czech Technical University in Prague},
  year      = {2017},
  url       = {http://www.stringology.org/event/2017/p04.html},
  timestamp = {Sat, 07 Jul 2018 15:59:19 +0200},
  biburl    = {https://dblp.org/rec/conf/stringology/BerglundM17.bib},
  bibsource = {dblp computer science bibliography, https://dblp.org}
}

@inproceedings{CS16,
  author    = {Carl Chapman and
               Kathryn T. Stolee},
  editor    = {Andreas Zeller and
               Abhik Roychoudhury},
  title     = {Exploring regular expression usage and context in Python},
  booktitle = {Proceedings of the 25th International Symposium on Software Testing
               and Analysis, {ISSTA} 2016, Saarbr{\"{u}}cken, Germany, July
               18-20, 2016},
  pages     = {282--293},
  publisher = {{ACM}},
  year      = {2016},
  url       = {https://doi.org/10.1145/2931037.2931073},
  doi       = {10.1145/2931037.2931073},
  timestamp = {Tue, 06 Nov 2018 16:57:30 +0100},
  biburl    = {https://dblp.org/rec/conf/issta/ChapmanS16.bib},
  bibsource = {dblp computer science bibliography, https://dblp.org}
}

@misc{PythonRegex,
    title = {{Python} re module},
    howpublished = {\url{https://docs.python.org/3/library/re.html\#regular-expression-objects}}
}

@misc{JavascriptRegex,
    title = {{Javascript} Regular Expressions},
    howpublished = {\url{https://developer.mozilla.org/en-US/docs/Web/JavaScript/Guide/Regular_Expressions}}
}

@Article{Gentzen35,
  author =       "Gerhard Gentzen",
  title =        "Untersuchungen {\"u}ber das {L}ogische {S}chliessen",
  journal =      "Mathematische Zeitschrift",
  volume =       "39",
  year =         "1935",
  pages =        "176--210, 405--431",
  note =         "English translation, ``Investigations into Logical
                  Deduction,'' in \cite{Gentzen69}"
}

@BOOK{Gentzen69,
        Editor             = {M. E. Szabo},
        PUBLISHER          = {North-Holland, Amsterdam},
        TITLE              = {The Collected Papers of Gerhard Gentzen},
        YEAR               = {1969},
        LOCATION           = {D Gen}
}

@book{DBLP:books/daglib/0022394,
  author    = {John Harrison},
  title     = {Handbook of Practical Logic and Automated Reasoning},
  publisher = {Cambridge University Press},
  year      = {2009},
  isbn      = {978-0-521-89957-4},
  pages     = {I-XIX, 1-681},
  bibsource = {DBLP, http://dblp.uni-trier.de}
}

@article{CCG06,
	author    = {Olivier Carton and
	Christian Choffrut and
	Serge Grigorieff},
	title     = {Decision problems among the main subfamilies of rational relations},
	journal   = {{ITA}},
	volume    = {40},
	number    = {2},
	pages     = {255--275},
	year      = {2006},
	url       = {https://doi.org/10.1051/ita:2006005},
	doi       = {10.1051/ita:2006005}
}

@article{NieuwenhuisetalJACM2006,
 author = {Robert Nieuwenhuis and Albert Oliveras and Cesare Tinelli},
 title = "Solving {SAT} and {SAT} Modulo Theories: From an abstract
            {Davis}-{Putnam}-{Logemann}-{Loveland} procedure to {DPLL(T)}",
 journal = {Journal of the ACM},
 volume = {53},
 number = {6},
 year = {2006},
 issn = {0004-5411},
 pages = {937--977},
 publisher = {ACM},
 address = {New York, NY, USA},
 }

@phdthesis{BerzishMurphy2021,
author={{Berzish, Murphy}},
title={Z3str4: A Solver for Theories over Strings},
year={2021},
publisher="UWSpace",
url={http://hdl.handle.net/10012/17102}
}

@misc{cox2017model,
      title={Model Checking Regular Language Constraints}, 
      author={Arlen Cox and Jason Leasure},
      year={2017},
      eprint={1708.09073},
      archivePrefix={arXiv},
      primaryClass={cs.LO}
}

@inproceedings{DBLP:conf/aplas/LeH18,
  author    = {Quang Loc Le and
               Mengda He},
  editor    = {Sukyoung Ryu},
  title     = {A Decision Procedure for String Logic with Quadratic Equations, Regular
               Expressions and Length Constraints},
  booktitle = {Programming Languages and Systems - 16th Asian Symposium, {APLAS}
               2018, Wellington, New Zealand, December 2-6, 2018, Proceedings},
  series    = {Lecture Notes in Computer Science},
  volume    = {11275},
  pages     = {350--372},
  publisher = {Springer},
  year      = {2018},
  url       = {https://doi.org/10.1007/978-3-030-02768-1\_19},
  doi       = {10.1007/978-3-030-02768-1\_19},
  timestamp = {Tue, 14 May 2019 10:00:41 +0200},
  biburl    = {https://dblp.org/rec/conf/aplas/LeH18.bib},
  bibsource = {dblp computer science bibliography, https://dblp.org}
}

@inproceedings{DBLP:conf/cp/AmadiniGST17,
  author    = {Roberto Amadini and
               Graeme Gange and
               Peter J. Stuckey and
               Guido Tack},
  editor    = {J. Christopher Beck},
  title     = {A Novel Approach to String Constraint Solving},
  booktitle = {Principles and Practice of Constraint Programming - 23rd International
               Conference, {CP} 2017, Melbourne, VIC, Australia, August 28 - September
               1, 2017, Proceedings},
  series    = {Lecture Notes in Computer Science},
  volume    = {10416},
  pages     = {3--20},
  publisher = {Springer},
  year      = {2017},
  url       = {https://doi.org/10.1007/978-3-319-66158-2\_1},
  doi       = {10.1007/978-3-319-66158-2\_1},
  timestamp = {Sat, 19 Oct 2019 20:32:31 +0200},
  biburl    = {https://dblp.org/rec/conf/cp/AmadiniGST17.bib},
  bibsource = {dblp computer science bibliography, https://dblp.org}
}

@inproceedings{DBLP:conf/cpaior/ScottFPS17,
  author    = {Joseph D. Scott and
               Pierre Flener and
               Justin Pearson and
               Christian Schulte},
  editor    = {Domenico Salvagnin and
               Michele Lombardi},
  title     = {Design and Implementation of Bounded-Length Sequence Variables},
  booktitle = {Integration of {AI} and {OR} Techniques in Constraint Programming
               - 14th International Conference, {CPAIOR} 2017, Padua, Italy, June
               5-8, 2017, Proceedings},
  series    = {Lecture Notes in Computer Science},
  volume    = {10335},
  pages     = {51--67},
  publisher = {Springer},
  year      = {2017},
  url       = {https://doi.org/10.1007/978-3-319-59776-8\_5},
  doi       = {10.1007/978-3-319-59776-8\_5},
  timestamp = {Tue, 14 May 2019 10:00:47 +0200},
}

@Book{BGG97,
  author    = {Egon B{\"{o}}rger and
               Erich Gr{\"{a}}del and
               Yuri Gurevich},
  title     = {The Classical Decision Problem},
  series    = {Perspectives in Mathematical Logic},
  publisher = {Springer},
  year      = {1997},
  timestamp = {Mon, 06 Nov 2006 15:21:04 +0100},
  biburl    = {https://dblp.org/rec/bib/books/sp/BorgerGG1997},
  bibsource = {dblp computer science bibliography, https://dblp.org}
}

@Article{M76,
 Author = {A. N. {Masilov}},
 Title = {{Multilevel magazine automata}},
 FJournal = {{Problemy Peredachi Informatsii}},
 Journal = {{Probl. Peredachi Inf.}},
 ISSN = {0555-2923},
 Volume = {12},
 Number = {1},
 Pages = {55--62},
 Year = {1976},
 Publisher = {Russian Academy of Sciences - RAS (Rossi\u{\i}skaya Akademiya Nauk - RAN), Institute for Information Transmission Problems, Moscow; Nauka, Moscow},
 Language = {Russian},
 MSC2010 = {68Q45},
 Zbl = {0361.68079}
}

@article{E91,
  author    = {Joost Engelfriet},
  title     = {Iterated Stack Automata and Complexity Classes},
  journal   = {Inf. Comput.},
  volume    = {95},
  number    = {1},
  pages     = {21--75},
  year      = {1991},
  url       = {https://doi.org/10.1016/0890-5401(91)90015-T},
  doi       = {10.1016/0890-5401(91)90015-T},
  timestamp = {Fri, 12 Feb 2021 22:16:17 +0100},
  biburl    = {https://dblp.org/rec/journals/iandc/Engelfriet91.bib},
  bibsource = {dblp computer science bibliography, https://dblp.org}
}
